<record><header><identifier>oai:alma.41SLSP_UGE:991000772099705502</identifier><datestamp>2023-04-10T00:45:59Z</datestamp><setSpec>uge_bcen_RapidILL_BOOK</setSpec><setSpec>uge_aaca_RapidILL_BOOK</setSpec><setSpec>uge_abels_RapidILL_BOOK</setSpec><setSpec>uge_dbu_RapidILL_BOOK</setSpec><setSpec>uge_cmu_RapidILL_BOOK</setSpec><setSpec>uge_mail_RapidILL_BOOK</setSpec><setSpec>uge_abbat_RapidILL_BOOK</setSpec><setSpec>UNIGE_ALL</setSpec><setSpec>uge_acar_RapidILL_BOOK</setSpec><setSpec>uge_aobs_RapidILL_BOOK</setSpec></header><metadata>
<record xmlns="http://www.loc.gov/MARC21/slim" xmlns:xsi="http://www.w3.org/2001/XMLSchema-instance" xsi:schemaLocation="http://www.loc.gov/MARC21/slim http://www.loc.gov/standards/marcxml/schema/MARC21slim.xsd"><leader>02215nam a2200577 c 4500</leader><controlfield tag="001">991000772099705502</controlfield><controlfield tag="005">20230409220510.0</controlfield><controlfield tag="008">201011s2001    xxu||||| |||| 00| ||eng d</controlfield><datafield ind1=" " ind2=" " tag="010"><subfield code="a">00059162</subfield></datafield><datafield ind1=" " ind2=" " tag="020"><subfield code="a">0742512002</subfield><subfield code="q">alk. paper</subfield></datafield><datafield ind1=" " ind2=" " tag="020"><subfield code="a">0742512010</subfield><subfield code="q">pbk. : alk. paper</subfield></datafield><datafield ind1=" " ind2=" " tag="035"><subfield code="a">(swissbib)227177169-41slsp_network</subfield></datafield><datafield ind1=" " ind2=" " tag="035"><subfield code="a">227177169</subfield><subfield code="9">ExL</subfield></datafield><datafield ind1=" " ind2=" " tag="035"><subfield code="a">(RERO)R003033271-41slsp</subfield></datafield><datafield ind1=" " ind2=" " tag="035"><subfield code="a">(IDSBB)002726551DSV01</subfield></datafield><datafield ind1=" " ind2=" " tag="035"><subfield code="a">(NEBIS)004021094EBI01</subfield></datafield><datafield ind1=" " ind2=" " tag="035"><subfield code="a">(EXLNZ-41SLSP_NETWORK)991034003339705501</subfield></datafield><datafield ind1=" " ind2=" " tag="040"><subfield code="a">RERO frbcuc</subfield><subfield code="d">CH-ZuSLS</subfield></datafield><datafield ind1=" " ind2=" " tag="050"><subfield code="a">B945.L455</subfield><subfield code="b">R43 2001</subfield></datafield><datafield ind1=" " ind2="7" tag="072"><subfield code="a">ph</subfield><subfield code="2">rero</subfield></datafield><datafield ind1=" " ind2="7" tag="072"><subfield code="a">ph</subfield><subfield code="2">SzZuIDS BS/BE</subfield></datafield><datafield ind1="1" ind2=" " tag="080"><subfield code="a">1&quot;1971&quot;LEW84</subfield></datafield><datafield ind1="0" ind2="0" tag="082"><subfield code="a">191</subfield><subfield code="2">21</subfield></datafield><datafield ind1=" " ind2=" " tag="084"><subfield code="a">CI 6436</subfield><subfield code="2">rvk</subfield></datafield><datafield ind1="0" ind2="0" tag="245"><subfield code="a">Reality and Humean supervenience</subfield><subfield code="b">essays on the philosophy of David Lewis</subfield><subfield code="c">ed. and introd. by Gerhard Preyer and Frank Siebelt</subfield></datafield><datafield ind1=" " ind2="1" tag="264"><subfield code="a">Lanham Md. [etc.]</subfield><subfield code="b">Rowman &amp; Littlefield</subfield><subfield code="c">[2001]</subfield></datafield><datafield ind1=" " ind2="4" tag="264"><subfield code="c">© 2001</subfield></datafield><datafield ind1=" " ind2=" " tag="300"><subfield code="a">XIII, 243 p.</subfield><subfield code="c">24 cm</subfield></datafield><datafield ind1=" " ind2=" " tag="336"><subfield code="b">txt</subfield><subfield code="2">rdacontent</subfield></datafield><datafield ind1=" " ind2=" " tag="337"><subfield code="b">n</subfield><subfield code="2">rdamedia</subfield></datafield><datafield ind1=" " ind2=" " tag="338"><subfield code="b">nc</subfield><subfield code="2">rdacarrier</subfield></datafield><datafield ind1="1" ind2=" " tag="490"><subfield code="a">Studies in epistemology and cognitive theory</subfield></datafield><datafield ind1=" " ind2=" " tag="504"><subfield code="a">Includes bibliographical references and index</subfield></datafield><datafield ind1="1" ind2="7" tag="600"><subfield code="a">Lewis, David Kellogg</subfield><subfield code="d">1941-2001</subfield><subfield code="0">(IDREF)029629489</subfield><subfield code="2">idref</subfield></datafield><datafield ind1="1" ind2="7" tag="600"><subfield code="a">Lewis, David K</subfield><subfield code="2">idsbb</subfield></datafield><datafield ind1="1" ind2="0" tag="600"><subfield code="a">Lewis, David K</subfield><subfield code="d">1941-</subfield></datafield><datafield ind1="1" ind2="7" tag="600"><subfield code="a">Lewis, David K.</subfield><subfield code="d">1941-2001</subfield><subfield code="0">(DE-588)122564553</subfield><subfield code="2">gnd</subfield></datafield><datafield ind1="1" ind2="7" tag="600"><subfield code="a">Lewis, David Kellogg</subfield><subfield code="2">idszbz</subfield></datafield><datafield ind1="1" ind2="0" tag="600"><subfield code="a">Lewis, David K</subfield><subfield code="q">David Kellogg</subfield><subfield code="d">1941-2001</subfield></datafield><datafield ind1=" " ind2="0" tag="650"><subfield code="a">Realism</subfield></datafield><datafield ind1=" " ind2="0" tag="650"><subfield code="a">Supervenience (Philosophy)</subfield></datafield><datafield ind1=" " ind2="7" tag="650"><subfield code="a">Philosophie</subfield><subfield code="0">(DE-588)4045791-6</subfield><subfield code="2">gnd</subfield></datafield><datafield ind1=" " ind2="7" tag="650"><subfield code="a">Philosophie</subfield><subfield code="2">idszbz</subfield></datafield><datafield ind1=" " ind2="7" tag="655"><subfield code="a">[Études diverses]</subfield><subfield code="0">(RERO)A022249905</subfield><subfield code="2">rero</subfield></datafield><datafield ind1=" " ind2="7" tag="655"><subfield code="a">Aufsatzsammlung</subfield><subfield code="2">gnd-content</subfield></datafield><datafield ind1=" " ind2="7" tag="655"><subfield code="a">Aufsatzsammlung</subfield><subfield code="2">idszbz</subfield></datafield><datafield ind1="1" ind2=" " tag="700"><subfield code="a">Preyer, Gerhard</subfield><subfield code="d">1945-</subfield><subfield code="0">(DE-588)108780503</subfield><subfield code="6">880-02</subfield></datafield><datafield ind1="1" ind2=" " tag="880"><subfield code="6">700-02</subfield><subfield code="a">Preyer, Gerhard</subfield><subfield code="d">1945-....</subfield><subfield code="0">(IDREF)033948844</subfield></datafield><datafield ind1="4" ind2=" " tag="856"><subfield code="3">Inhaltsverzeichnis</subfield><subfield code="u">http://www.ub.unibas.ch/tox/IDSBB/002726551/PDF</subfield><subfield code="q">pdf</subfield></datafield><datafield ind1=" " ind2="0" tag="830"><subfield code="a">Studies in epistemology and cognitive theory</subfield><subfield code="w">(RERO)1622739-41slsp</subfield></datafield><datafield ind1=" " ind2=" " tag="900"><subfield code="a">IDSZ2zbzmon200107f</subfield><subfield code="c">IDSZ2beer</subfield><subfield code="d">IDSZ2zbzswk200107b</subfield><subfield code="e">IDSZ2baur</subfield></datafield><datafield ind1=" " ind2=" " tag="949"><subfield code="a">http://www.ub.unibas.ch/tox/IDSBB/002726551/PDF</subfield></datafield></record>
</metadata></record>