<record><header><identifier>oai:alma.41SLSP_UGE:991000771689705502</identifier><datestamp>2023-06-07T00:11:08Z</datestamp><setSpec>uge_bcen_RapidILL_BOOK</setSpec><setSpec>uge_aaca_RapidILL_BOOK</setSpec><setSpec>uge_abels_RapidILL_BOOK</setSpec><setSpec>uge_dbu_RapidILL_BOOK</setSpec><setSpec>uge_cmu_RapidILL_BOOK</setSpec><setSpec>uge_mail_RapidILL_BOOK</setSpec><setSpec>uge_abbat_RapidILL_BOOK</setSpec><setSpec>UNIGE_ALL</setSpec><setSpec>uge_acar_RapidILL_BOOK</setSpec><setSpec>uge_aobs_RapidILL_BOOK</setSpec></header><metadata>
<record xmlns="http://www.loc.gov/MARC21/slim" xmlns:xsi="http://www.w3.org/2001/XMLSchema-instance" xsi:schemaLocation="http://www.loc.gov/MARC21/slim http://www.loc.gov/standards/marcxml/schema/MARC21slim.xsd"><leader>00992nam a2200217 c 4500</leader><controlfield tag="001">991000771689705502</controlfield><controlfield tag="005">20230606172900.0</controlfield><controlfield tag="008">001116s1976    fr ||||| |||| 00| ||fre d</controlfield><datafield ind1=" " ind2=" " tag="035"><subfield code="a">(swissbib)081393075-41slsp_network</subfield></datafield><datafield ind1=" " ind2=" " tag="035"><subfield code="a">081393075</subfield><subfield code="9">ExL</subfield></datafield><datafield ind1=" " ind2=" " tag="035"><subfield code="a">(RERO)0792642-41slsp</subfield></datafield><datafield ind1=" " ind2=" " tag="035"><subfield code="a">(EXLNZ-41SLSP_NETWORK)991058524139705501</subfield></datafield><datafield ind1=" " ind2=" " tag="040"><subfield code="a">RERO geumed</subfield><subfield code="d">CH-ZuSLS</subfield></datafield><datafield ind1=" " ind2="7" tag="072"><subfield code="a">hg</subfield><subfield code="2">rero</subfield></datafield><datafield ind1=" " ind2="7" tag="072"><subfield code="a">go</subfield><subfield code="2">rero</subfield></datafield><datafield ind1="0" ind2="0" tag="245"><subfield code="a">Méditerranée</subfield><subfield code="c">sous la dir. de Fernand Braudel et Georges Vallet ; réal. Folco Quilici ... [et al.] ; interventions de Michel Etcheverry ; documentalistes Marie Thérèse Souverbie et Gérard Rousset-Charny (pour la 12ème émission) ; musique d'accompagnement Marcel Stern, Betty Willemetz.</subfield><subfield code="p">Rome, vers l'unité</subfield></datafield><datafield ind1=" " ind2="1" tag="264"><subfield code="a">Paris [etc.]</subfield><subfield code="b">FR3 [etc.] [prod.]</subfield><subfield code="c">[1976]</subfield></datafield><datafield ind1=" " ind2=" " tag="300"><subfield code="a">1 VIDEOCASSETTE [VHS] (55 min.)</subfield><subfield code="b">couleur SECAM</subfield></datafield><datafield ind1=" " ind2=" " tag="500"><subfield code="a">Diffusée le 11 août 1985</subfield></datafield><datafield ind1=" " ind2="7" tag="651"><subfield code="a">Méditerranée (région)</subfield><subfield code="0">(IDREF)027237664</subfield><subfield code="2">idref</subfield></datafield><datafield ind1=" " ind2="7" tag="655"><subfield code="a">Vidéocassettes</subfield><subfield code="0">(IDREF)027394417</subfield><subfield code="2">idref</subfield></datafield><datafield ind1=" " ind2="0" tag="830"><subfield code="a">Méditerranée</subfield></datafield></record>
</metadata></record>