<record><header><identifier>oai:alma.41SLSP_UGE:991000771879705502</identifier><datestamp>2023-06-22T00:36:12Z</datestamp><setSpec>uge_bcen_RapidILL_BOOK</setSpec><setSpec>uge_aaca_RapidILL_BOOK</setSpec><setSpec>uge_abels_RapidILL_BOOK</setSpec><setSpec>uge_dbu_RapidILL_BOOK</setSpec><setSpec>uge_cmu_RapidILL_BOOK</setSpec><setSpec>uge_mail_RapidILL_BOOK</setSpec><setSpec>uge_abbat_RapidILL_BOOK</setSpec><setSpec>UNIGE_ALL</setSpec><setSpec>uge_aobs_RapidILL_BOOK</setSpec><setSpec>uge_acar_RapidILL_BOOK</setSpec></header><metadata>
<record xmlns="http://www.loc.gov/MARC21/slim" xmlns:xsi="http://www.w3.org/2001/XMLSchema-instance" xsi:schemaLocation="http://www.loc.gov/MARC21/slim http://www.loc.gov/standards/marcxml/schema/MARC21slim.xsd"><leader>01558nam a2200361 c 4500</leader><controlfield tag="001">991000771879705502</controlfield><controlfield tag="005">20230407140624.0</controlfield><controlfield tag="008">201011s1967    ne ||||| |||| 00| ||eng d</controlfield><datafield ind1=" " ind2=" " tag="019"><subfield code="a">SPI Retro 592781</subfield></datafield><datafield ind1=" " ind2=" " tag="035"><subfield code="a">(swissbib)224344072-41slsp_network</subfield></datafield><datafield ind1=" " ind2=" " tag="035"><subfield code="a">224344072</subfield><subfield code="9">ExL</subfield></datafield><datafield ind1=" " ind2=" " tag="035"><subfield code="a">(RERO)2017409-41slsp</subfield></datafield><datafield ind1=" " ind2=" " tag="035"><subfield code="a">(NEBIS)004338518EBI01</subfield></datafield><datafield ind1=" " ind2=" " tag="035"><subfield code="a">(EXLNZ-41SLSP_NETWORK)991126792989705501</subfield></datafield><datafield ind1=" " ind2=" " tag="040"><subfield code="a">RERO geussc</subfield><subfield code="d">CH-ZuSLS</subfield></datafield><datafield ind1="1" ind2=" " tag="041"><subfield code="a">eng</subfield><subfield code="h">rus</subfield></datafield><datafield ind1=" " ind2="7" tag="072"><subfield code="a">ch</subfield><subfield code="2">rero</subfield></datafield><datafield ind1="1" ind2=" " tag="100"><subfield code="a">Nesmeânov, Aleksandr Nikolaevič</subfield><subfield code="d">1899-1980</subfield><subfield code="0">(IDREF)149364881</subfield><subfield code="4">cre</subfield></datafield><datafield ind1="1" ind2="0" tag="245"><subfield code="a">&lt;&lt;The&gt;&gt; organic compounds of boron, aluminium, gallium, indium and thallium</subfield><subfield code="c">A.N. Nesmeyanov and R.A. Sokolik ; transl. from the Russian by Scripta Technica ; transl. ed. Paul G. Stecher</subfield></datafield><datafield ind1=" " ind2="1" tag="264"><subfield code="a">Amsterdam</subfield><subfield code="b">North-Holland</subfield><subfield code="c">1967</subfield></datafield><datafield ind1=" " ind2=" " tag="300"><subfield code="a">XIII, 628 p.</subfield><subfield code="b">ill.</subfield><subfield code="c">25 cm</subfield></datafield><datafield ind1=" " ind2=" " tag="336"><subfield code="b">txt</subfield><subfield code="2">rdacontent</subfield></datafield><datafield ind1=" " ind2=" " tag="337"><subfield code="b">n</subfield><subfield code="2">rdamedia</subfield></datafield><datafield ind1=" " ind2=" " tag="338"><subfield code="b">nc</subfield><subfield code="2">rdacarrier</subfield></datafield><datafield ind1="1" ind2=" " tag="490"><subfield code="a">Methods of elemento-organic chemistry</subfield><subfield code="v">vol. 1</subfield></datafield><datafield ind1=" " ind2=" " tag="500"><subfield code="a">Traduit de: Bor, alyuminiy, galliy, indiy, talliy</subfield></datafield><datafield ind1=" " ind2=" " tag="500"><subfield code="a">Originaltitel: Metody elementoorganičeskoj chimii bor, aljuminij, gallij, indij, tallij (Moskva 1964)</subfield></datafield><datafield ind1=" " ind2="7" tag="650"><subfield code="a">Composés organométalliques</subfield><subfield code="0">(IDREF)029727332</subfield><subfield code="2">idref</subfield></datafield><datafield ind1="1" ind2=" " tag="700"><subfield code="a">Nesmejanov, Aleksandr N.</subfield></datafield><datafield ind1="1" ind2=" " tag="700"><subfield code="a">Sokolik, R.A</subfield><subfield code="0">(RERO)A003846952</subfield></datafield><datafield ind1=" " ind2="0" tag="830"><subfield code="a">Methods of elemento organic chemistry: transl.of Metody elemento organiceskoj chimij</subfield><subfield code="v">1</subfield><subfield code="w">(NEBIS)000050759EBI01</subfield></datafield><datafield ind1=" " ind2="0" tag="830"><subfield code="a">Methods of elemento-organic chemistry</subfield><subfield code="v">1</subfield><subfield code="w">(RERO)2017221-41slsp</subfield></datafield><datafield ind1=" " ind2=" " tag="900"><subfield code="a">REROnoselfmerge</subfield></datafield><datafield ind1=" " ind2=" " tag="900"><subfield code="a">IDSERSPInew</subfield></datafield></record>
</metadata></record>