<record><header><identifier>oai:alma.41SLSP_UGE:991000771889705502</identifier><datestamp>2023-03-01T01:10:02Z</datestamp><setSpec>uge_bcen_RapidILL_BOOK</setSpec><setSpec>uge_aaca_RapidILL_BOOK</setSpec><setSpec>uge_abels_RapidILL_BOOK</setSpec><setSpec>uge_dbu_RapidILL_BOOK</setSpec><setSpec>uge_cmu_RapidILL_BOOK</setSpec><setSpec>uge_mail_RapidILL_BOOK</setSpec><setSpec>UNIGE_ALL</setSpec><setSpec>uge_abbat_RapidILL_BOOK</setSpec><setSpec>uge_aobs_RapidILL_BOOK</setSpec><setSpec>uge_acar_RapidILL_BOOK</setSpec></header><metadata>
<record xmlns="http://www.loc.gov/MARC21/slim" xmlns:xsi="http://www.w3.org/2001/XMLSchema-instance" xsi:schemaLocation="http://www.loc.gov/MARC21/slim http://www.loc.gov/standards/marcxml/schema/MARC21slim.xsd"><leader>01524nam a22003137c 4500</leader><controlfield tag="001">991000771889705502</controlfield><controlfield tag="005">20201222183046.0</controlfield><controlfield tag="008">130723s1981    cc ||||| |||| 00| ||chi d</controlfield><datafield ind1=" " ind2=" " tag="035"><subfield code="a">(swissbib)117777218-41slsp_network</subfield></datafield><datafield ind1=" " ind2=" " tag="035"><subfield code="a">117777218</subfield><subfield code="9">ExL</subfield></datafield><datafield ind1=" " ind2=" " tag="035"><subfield code="a">(RERO)R007422880-41slsp</subfield></datafield><datafield ind1=" " ind2=" " tag="035"><subfield code="a">(EXLNZ-41SLSP_NETWORK)991000209679705501</subfield></datafield><datafield ind1=" " ind2=" " tag="040"><subfield code="a">DLC</subfield><subfield code="d">CH-ZuSLS</subfield></datafield><datafield ind1=" " ind2="0" tag="050"><subfield code="a">DS793.T3</subfield><subfield code="b">H6 1981</subfield></datafield><datafield ind1=" " ind2="7" tag="072"><subfield code="a">go</subfield><subfield code="2">rero</subfield></datafield><datafield ind1="0" ind2="0" tag="245"><subfield code="6">880-01</subfield><subfield code="a">Tai Shan</subfield><subfield code="b">= Mount Taishan</subfield><subfield code="c">[zhuan wen He Jinhai ; hui tu Sun Jian ; Ying wen fan yi Zhou Yicheng ; she ying Li Xuezeng ... et al.]</subfield></datafield><datafield ind1="0" ind2="0" tag="880"><subfield code="6">245-01/$1</subfield><subfield code="a">泰山</subfield><subfield code="b">= Mount Taishan</subfield><subfield code="c">[责任编辑,装帧设计韩德洲;撰文和进海;英文翻译周贻程;摄影李学增 ... et al.]</subfield></datafield><datafield ind1=" " ind2=" " tag="250"><subfield code="6">880-02</subfield><subfield code="a">Di 1 ban</subfield></datafield><datafield ind1=" " ind2=" " tag="880"><subfield code="6">250-02/$1</subfield><subfield code="a">第1版</subfield></datafield><datafield ind1=" " ind2="1" tag="264"><subfield code="6">880-03</subfield><subfield code="a">Beijing</subfield><subfield code="b">Wai wen chu ban she</subfield><subfield code="b">Zhongguo guo ji shu dian fa xing</subfield><subfield code="c">1981</subfield></datafield><datafield ind1=" " ind2="1" tag="880"><subfield code="6">264-03/$1</subfield><subfield code="a">北京</subfield><subfield code="b">外文出版社</subfield><subfield code="b">中国国际书店发行</subfield><subfield code="c">1981</subfield></datafield><datafield ind1=" " ind2=" " tag="300"><subfield code="a">100 p.</subfield><subfield code="b">ill. (some col.)</subfield><subfield code="c">21 cm</subfield></datafield><datafield ind1=" " ind2=" " tag="336"><subfield code="b">txt</subfield><subfield code="2">rdacontent</subfield></datafield><datafield ind1=" " ind2=" " tag="337"><subfield code="b">n</subfield><subfield code="2">rdamedia</subfield></datafield><datafield ind1=" " ind2=" " tag="338"><subfield code="b">nc</subfield><subfield code="2">rdacarrier</subfield></datafield><datafield ind1=" " ind2="0" tag="651"><subfield code="a">Tai Mountains (China)</subfield><subfield code="x">Description and travel</subfield></datafield><datafield ind1="1" ind2=" " tag="700"><subfield code="6">880-04</subfield><subfield code="a">He, Jinhai</subfield><subfield code="0">(RERO)A023531265</subfield></datafield><datafield ind1="0" ind2=" " tag="880"><subfield code="6">700-04/$1</subfield><subfield code="a">和进海</subfield></datafield><datafield ind1=" " ind2=" " tag="900"><subfield code="a">REROnoselfmerge</subfield></datafield><datafield ind1=" " ind2=" " tag="910"><subfield code="a">OCoLC</subfield><subfield code="b">20130723</subfield><subfield code="c">Droits réservés</subfield></datafield></record>
</metadata></record>