<record><header><identifier>oai:alma.41SLSP_UGE:991000771989705502</identifier><datestamp>2023-07-03T00:41:51Z</datestamp><setSpec>uge_bcen_RapidILL_BOOK</setSpec><setSpec>uge_aaca_RapidILL_BOOK</setSpec><setSpec>uge_abels_RapidILL_BOOK</setSpec><setSpec>uge_dbu_RapidILL_BOOK</setSpec><setSpec>uge_cmu_RapidILL_BOOK</setSpec><setSpec>uge_mail_RapidILL_BOOK</setSpec><setSpec>uge_abbat_RapidILL_BOOK</setSpec><setSpec>UNIGE_ALL</setSpec><setSpec>uge_acar_RapidILL_BOOK</setSpec><setSpec>uge_aobs_RapidILL_BOOK</setSpec></header><metadata>
<record xmlns="http://www.loc.gov/MARC21/slim" xmlns:xsi="http://www.w3.org/2001/XMLSchema-instance" xsi:schemaLocation="http://www.loc.gov/MARC21/slim http://www.loc.gov/standards/marcxml/schema/MARC21slim.xsd"><leader>05043nam a2200793 c 4500</leader><controlfield tag="001">991000771989705502</controlfield><controlfield tag="005">20230702064522.0</controlfield><controlfield tag="008">201011r20001985nyub     b    001 0 eng  </controlfield><datafield ind1=" " ind2=" " tag="010"><subfield code="a">99031410</subfield></datafield><datafield ind1=" " ind2=" " tag="020"><subfield code="a">9780231117715</subfield><subfield code="q">pbk.</subfield></datafield><datafield ind1=" " ind2=" " tag="020"><subfield code="z">0521228913</subfield><subfield code="q">hbk, 1985 ed.</subfield></datafield><datafield ind1=" " ind2=" " tag="020"><subfield code="z">9780521228916</subfield><subfield code="q">hbk, 1985 ed.</subfield></datafield><datafield ind1=" " ind2=" " tag="020"><subfield code="a">023111771X</subfield><subfield code="q">acid free paper</subfield></datafield><datafield ind1=" " ind2=" " tag="035"><subfield code="a">(swissbib)229748767-41slsp_network</subfield></datafield><datafield ind1=" " ind2=" " tag="035"><subfield code="a">229748767</subfield><subfield code="9">ExL</subfield></datafield><datafield ind1=" " ind2=" " tag="035"><subfield code="a">(IDSSG)001060302HSB01</subfield></datafield><datafield ind1=" " ind2=" " tag="035"><subfield code="a">(RERO)R266929160-41slsp</subfield></datafield><datafield ind1=" " ind2=" " tag="035"><subfield code="a">(OCoLC)41368344</subfield><subfield code="z">(OCoLC)717186909</subfield></datafield><datafield ind1=" " ind2=" " tag="035"><subfield code="a">(EXLNZ-41SLSP_NETWORK)991077140709705501</subfield></datafield><datafield ind1=" " ind2=" " tag="040"><subfield code="a">DLC</subfield><subfield code="b">eng</subfield><subfield code="e">rda</subfield><subfield code="d">CH-ZuSLS</subfield></datafield><datafield ind1="1" ind2=" " tag="041"><subfield code="a">eng</subfield><subfield code="h">cze</subfield></datafield><datafield ind1=" " ind2=" " tag="042"><subfield code="a">pcc</subfield></datafield><datafield ind1=" " ind2=" " tag="043"><subfield code="a">e------</subfield></datafield><datafield ind1="0" ind2="0" tag="050"><subfield code="a">D359</subfield><subfield code="b">.H77 2000</subfield></datafield><datafield ind1=" " ind2="7" tag="072"><subfield code="a">ht</subfield><subfield code="2">rero</subfield></datafield><datafield ind1=" " ind2="7" tag="072"><subfield code="a">sp</subfield><subfield code="2">rero</subfield></datafield><datafield ind1="0" ind2="0" tag="082"><subfield code="a">320.54/094</subfield><subfield code="2">21</subfield></datafield><datafield ind1=" " ind2=" " tag="084"><subfield code="a">MC 7100</subfield><subfield code="2">rvk</subfield></datafield><datafield ind1=" " ind2=" " tag="084"><subfield code="a">ME 2050</subfield><subfield code="2">rvk</subfield></datafield><datafield ind1=" " ind2=" " tag="084"><subfield code="a">MG 11968</subfield><subfield code="2">rvk</subfield></datafield><datafield ind1=" " ind2=" " tag="084"><subfield code="a">MG 45968</subfield><subfield code="2">rvk</subfield></datafield><datafield ind1=" " ind2=" " tag="084"><subfield code="a">MG 80968</subfield><subfield code="2">rvk</subfield></datafield><datafield ind1=" " ind2=" " tag="084"><subfield code="a">NK 6710</subfield><subfield code="2">rvk</subfield></datafield><datafield ind1=" " ind2=" " tag="084"><subfield code="a">NP 1300</subfield><subfield code="2">rvk</subfield></datafield><datafield ind1="1" ind2=" " tag="100"><subfield code="a">Hroch, Miroslav</subfield><subfield code="d">1932-</subfield><subfield code="0">(DE-588)120923904</subfield><subfield code="4">aut</subfield><subfield code="6">880-01</subfield></datafield><datafield ind1="1" ind2=" " tag="880"><subfield code="6">100-01</subfield><subfield code="a">Hroch, Miroslav</subfield><subfield code="d">1932-....</subfield><subfield code="0">(IDREF)028574206</subfield><subfield code="4">cre</subfield></datafield><datafield ind1="1" ind2="0" tag="245"><subfield code="a">Social preconditions of national revival in Europe</subfield><subfield code="b">a comparative analysis of the social composition of patriotic groups among the smaller European nations</subfield><subfield code="c">Miroslav Hroch ; translated by Ben Fowkes</subfield></datafield><datafield ind1=" " ind2="1" tag="264"><subfield code="a">New York</subfield><subfield code="b">Columbia University Press</subfield><subfield code="c">[2000]</subfield></datafield><datafield ind1=" " ind2="4" tag="264"><subfield code="c">© 1985, 2000</subfield></datafield><datafield ind1=" " ind2=" " tag="300"><subfield code="a">xix, 220 pages</subfield><subfield code="b">maps, tables</subfield><subfield code="c">23 cm</subfield></datafield><datafield ind1=" " ind2=" " tag="336"><subfield code="b">txt</subfield><subfield code="2">rdacontent</subfield></datafield><datafield ind1=" " ind2=" " tag="337"><subfield code="b">n</subfield><subfield code="2">rdamedia</subfield></datafield><datafield ind1=" " ind2=" " tag="338"><subfield code="b">nc</subfield><subfield code="2">rdacarrier</subfield></datafield><datafield ind1=" " ind2=" " tag="500"><subfield code="a">Originally published: Cambridge, New York : Cambridge University Press, 1985</subfield></datafield><datafield ind1=" " ind2=" " tag="504"><subfield code="a">Includes bibliographical references (pages 209-212) and index</subfield></datafield><datafield ind1=" " ind2=" " tag="504"><subfield code="a">Select bibliography: p. 209-212</subfield></datafield><datafield ind1=" " ind2=" " tag="520"><subfield code="a">&quot;A classic work on nationalism, originally published thirty years ago and now reissued with a new preface by the author, Social Preconditions of National Revival in Europe provides excellent historical and political background to the profusion of recent nationalist movements in Eastern Europe. Miroslav Hroch develops and demonstrates empirically the concept of a three-stage process of nationalist mobilization: heightened cultural awareness of national distinctiveness among intellectuals and literati, a concept of nationalism as a political program, and mass mobilization on behalf of this doctrine.&quot;--Book jacket</subfield></datafield><datafield ind1=" " ind2="7" tag="648"><subfield code="a">Geschichte</subfield><subfield code="2">gnd</subfield></datafield><datafield ind1=" " ind2="7" tag="650"><subfield code="a">Nationalbewegung</subfield><subfield code="0">(DE-588)4171210-9</subfield><subfield code="2">gnd</subfield></datafield><datafield ind1=" " ind2="7" tag="650"><subfield code="a">Nationale Wiedergeburt</subfield><subfield code="0">(DE-588)4361398-6</subfield><subfield code="2">gnd</subfield></datafield><datafield ind1=" " ind2="7" tag="650"><subfield code="a">Nationalismus</subfield><subfield code="0">(DE-588)4041300-7</subfield><subfield code="2">gnd</subfield></datafield><datafield ind1=" " ind2="7" tag="650"><subfield code="a">Soziale Situation</subfield><subfield code="0">(DE-588)4077575-6</subfield><subfield code="2">gnd</subfield></datafield><datafield ind1=" " ind2="7" tag="650"><subfield code="a">Kultursoziologie</subfield><subfield code="0">(DE-588)4133431-0</subfield><subfield code="2">gnd</subfield></datafield><datafield ind1=" " ind2="0" tag="650"><subfield code="a">Nationalism</subfield><subfield code="z">Europe</subfield><subfield code="x">History</subfield><subfield code="y">19th century</subfield></datafield><datafield ind1=" " ind2="7" tag="650"><subfield code="a">Nationalisme</subfield><subfield code="0">(IDREF)027303365</subfield><subfield code="2">idref</subfield></datafield><datafield ind1=" " ind2="7" tag="650"><subfield code="a">Sociologie</subfield><subfield code="0">(IDREF)049647490</subfield><subfield code="2">idref</subfield></datafield><datafield ind1=" " ind2="7" tag="650"><subfield code="a">19e siècle</subfield><subfield code="0">(IDREF)027794059</subfield><subfield code="2">idref</subfield></datafield><datafield ind1=" " ind2="7" tag="651"><subfield code="a">Europa</subfield><subfield code="0">(DE-588)4015701-5</subfield><subfield code="2">gnd</subfield></datafield><datafield ind1=" " ind2="0" tag="651"><subfield code="a">Europe</subfield><subfield code="x">History</subfield><subfield code="y">1789-1900</subfield></datafield><datafield ind1=" " ind2="0" tag="651"><subfield code="a">Europe</subfield><subfield code="x">Social conditions</subfield><subfield code="y">1789-1900</subfield></datafield><datafield ind1=" " ind2="7" tag="651"><subfield code="a">Europe</subfield><subfield code="0">(IDREF)027224651</subfield><subfield code="2">idref</subfield></datafield><datafield ind1=" " ind2=" " tag="690"><subfield code="a">Bewegung; Nation; Wiederbelebung; Hochschule; Sozialstruktur; Integration; Analyse; Bourgeoisie; Minderheit; Zusammensetzung; Elite; Beziehung; Generation; Kleinbürgertum; Klerus; Auswahl; Edition; Merkmal; Autonomie; Bewusstsein; Freiheit; Nationalbewusstsein; Reichtum; Kriterium; Struktur; Revolution; Index</subfield><subfield code="2">idssg-J</subfield></datafield><datafield ind1=" " ind2=" " tag="690"><subfield code="a">Minderheitsbewegung; Austauschbeziehung; Staatsbürger; Vergleichsmethode; Grundkonzept; Handwerksproduzent</subfield><subfield code="2">idssg-J</subfield></datafield><datafield ind1=" " ind2=" " tag="690"><subfield code="a">einzelne Gruppe; katholischer Klerus; kleine Nation; slowakische Bewegung; subjektive Komponente; einzelne Klasse; europäische Nation; flämische Bewegung; grundlegende Komponente; herrschende Klasse; industrielle Bourgeoisie; kleiner Handwerksproduzent; kleine Nation; litauisches Beispiel; nationale Bewegung; nationales Bewusstsein; nationale Minderheitsbewegung; nationale Wiederbelebung; objektive Komponente; patriotische Gruppe; politische Autonomie; protestantischer Klerus; schulische Ausbildung; soziale Gruppe; soziale Herkunft; soziales Merkmal; soziale Struktur; soziale Voraussetzung; soziale Zusammensetzung; sprachliches Merkmal; städtisches Patriziat; territoriales Merkmal; territoriale Struktur; tschechischer Staatsbürger; vergleichende Analyse; verspäteter Typ; weiterführende Schule; wirtschaftliche Beziehung; zerfallener Typ; äußere Unterdrückung</subfield><subfield code="2">idssg-J</subfield></datafield><datafield ind1=" " ind2=" " tag="690"><subfield code="a">Europa C4E; Vereinigte Staaten C1USA; Finnland C4EUFI; Dänemark C4EUDE; Tschechien C4EXCZ</subfield><subfield code="2">idssg-J</subfield></datafield><datafield ind1=" " ind2=" " tag="690"><subfield code="a">Columbia Edition Vorwort; klein Europäische Nationen MIROSLAV HROCH; Miroslav HROCH</subfield><subfield code="2">idssg-J</subfield></datafield><datafield ind1="1" ind2=" " tag="700"><subfield code="a">Fowkes, Ben</subfield><subfield code="d">1940-</subfield><subfield code="0">(DE-588)171409485</subfield><subfield code="4">trl</subfield><subfield code="6">880-02</subfield></datafield><datafield ind1="1" ind2=" " tag="880"><subfield code="6">700-02</subfield><subfield code="a">Fowkes, Ben</subfield><subfield code="d">1940-....</subfield><subfield code="0">(IDREF)033529841</subfield></datafield><datafield ind1="4" ind2=" " tag="856"><subfield code="u">https://tools.unisg.ch/url/hm00657075</subfield><subfield code="z">Inhaltsverzeichnis</subfield></datafield><datafield ind1=" " ind2=" " tag="949"><subfield code="a">https://tools.unisg.ch/url/hm00657075</subfield></datafield></record>
</metadata></record>