<record><header><identifier>oai:alma.41SLSP_UGE:991000772129705502</identifier><datestamp>2023-06-26T00:15:53Z</datestamp><setSpec>UNIGE_audiovisuel</setSpec><setSpec>UNIGE_ALL</setSpec></header><metadata>
<record xmlns="http://www.loc.gov/MARC21/slim" xmlns:xsi="http://www.w3.org/2001/XMLSchema-instance" xsi:schemaLocation="http://www.loc.gov/MARC21/slim http://www.loc.gov/standards/marcxml/schema/MARC21slim.xsd"><leader>02306ngm a2200493 c 4500</leader><controlfield tag="001">991000772129705502</controlfield><controlfield tag="005">20230625173242.0</controlfield><controlfield tag="007">vd |v||||</controlfield><controlfield tag="008">080520s2008    fr ||| |          v|rum d</controlfield><datafield ind1="4" ind2="2" tag="028"><subfield code="a">3700447502255</subfield></datafield><datafield ind1="5" ind2="2" tag="028"><subfield code="a">750 225</subfield></datafield><datafield ind1=" " ind2=" " tag="035"><subfield code="a">(swissbib)106756362-41slsp_network</subfield></datafield><datafield ind1=" " ind2=" " tag="035"><subfield code="a">106756362</subfield><subfield code="9">ExL</subfield></datafield><datafield ind1=" " ind2=" " tag="035"><subfield code="a">(RERO)R004704165-41slsp</subfield></datafield><datafield ind1=" " ind2=" " tag="035"><subfield code="a">(EXLNZ-41SLSP_NETWORK)991086881859705501</subfield></datafield><datafield ind1=" " ind2=" " tag="040"><subfield code="a">RERO frbcuc</subfield><subfield code="d">CH-ZuSLS</subfield></datafield><datafield ind1="1" ind2=" " tag="041"><subfield code="a">fre</subfield><subfield code="a">rum</subfield><subfield code="h">rum</subfield></datafield><datafield ind1=" " ind2="7" tag="072"><subfield code="a">ba</subfield><subfield code="2">rero</subfield></datafield><datafield ind1=" " ind2="7" tag="072"><subfield code="a">me</subfield><subfield code="2">rero</subfield></datafield><datafield ind1="1" ind2=" " tag="080"><subfield code="a">791.44.071MUN7Pat</subfield></datafield><datafield ind1="0" ind2="0" tag="245"><subfield code="a">4 mois, 3 semaines, 2 jours</subfield><subfield code="b">= 4 luni, 3 saptamâni si 2 zile</subfield><subfield code="c">un film de Cristian Mungiu ; prod. par Oleg Mutu</subfield></datafield><datafield ind1="1" ind2=" " tag="246"><subfield code="a">4 luni, 3 saptamâni si 2 zile</subfield></datafield><datafield ind1="1" ind2=" " tag="246"><subfield code="a">Quatre mois, trois semaines, deux jours</subfield></datafield><datafield ind1=" " ind2="1" tag="264"><subfield code="a">[Paris]</subfield><subfield code="b">BAC Vidéo</subfield><subfield code="c">2008</subfield></datafield><datafield ind1=" " ind2=" " tag="300"><subfield code="a">1 DVD vidéo</subfield></datafield><datafield ind1=" " ind2=" " tag="336"><subfield code="b">tdi</subfield><subfield code="2">rdacontent</subfield></datafield><datafield ind1=" " ind2=" " tag="337"><subfield code="b">v</subfield><subfield code="2">rdamedia</subfield></datafield><datafield ind1=" " ind2=" " tag="338"><subfield code="b">vd</subfield><subfield code="2">rdacarrier</subfield></datafield><datafield ind1=" " ind2=" " tag="385"><subfield code="a">Dès 16 ans</subfield><subfield code="2">rero</subfield></datafield><datafield ind1=" " ind2=" " tag="500"><subfield code="a">Une prod.: Mobra Films, 2007</subfield></datafield><datafield ind1=" " ind2=" " tag="500"><subfield code="a">Ecran 16/9 compatible 4/3 - Format 1.77</subfield></datafield><datafield ind1=" " ind2=" " tag="500"><subfield code="a">Durée du film: ca. 108 min.</subfield></datafield><datafield ind1=" " ind2=" " tag="500"><subfield code="a">Choix de langues: Roumain, français. Sous-titres: Français</subfield></datafield><datafield ind1=" " ind2=" " tag="500"><subfield code="a">Dialogue en français, roumain, sous-titré en français</subfield></datafield><datafield ind1=" " ind2=" " tag="500"><subfield code="a">Palme d'or, Festival de Cannes, Prix du réalisateur européen 2007, Prix du meilleur film européen 2007, Prix de l'éducation nationale</subfield></datafield><datafield ind1=" " ind2=" " tag="500"><subfield code="a">Zone 2</subfield></datafield><datafield ind1="0" ind2=" " tag="505"><subfield code="a">Bonus: Making-of ; Entretien avec Bernadette Lafont ; Filmographies ; Bandes-annonces</subfield></datafield><datafield ind1=" " ind2=" " tag="508"><subfield code="a">Dir. de la photogr. Oleg Mutu ; montage Dana Bunescu</subfield></datafield><datafield ind1="0" ind2=" " tag="511"><subfield code="a">Anamaria Marinca ; Laura Vasiliu ; Vlad Ivanov ... et al.</subfield></datafield><datafield ind1="8" ind2=" " tag="520"><subfield code="a">1987, Roumanie, quelques années avant la chute du communisme. Ottila et Gabita partagent une chambre dans la cité universitaire d'une petite ville. Gabita est enceinte et l'avortement est un crime. Les deux jeunes femmes font donc appel à un certain M. Bébé pour résoudre le problème. Mais elles n'étaient pas préparées à une telle épreuve. (www.allocine.ch)</subfield><subfield code="5">RERO/njhep-/09.2011</subfield></datafield><datafield ind1="8" ind2=" " tag="520"><subfield code="a">Drame</subfield><subfield code="5">RERO/vsbcvs/12.2015</subfield></datafield><datafield ind1=" " ind2="7" tag="655"><subfield code="a">DVD</subfield><subfield code="0">(IDREF)035108444</subfield><subfield code="2">idref</subfield></datafield><datafield ind1=" " ind2="7" tag="655"><subfield code="a">Films de fiction</subfield><subfield code="0">(IDREF)14779644X</subfield><subfield code="2">idref</subfield></datafield><datafield ind1="1" ind2=" " tag="700"><subfield code="a">Mungiu, Cristian</subfield><subfield code="d">1968-....</subfield><subfield code="0">(IDREF)11899879X</subfield></datafield><datafield ind1="1" ind2=" " tag="700"><subfield code="a">Mutu, Oleg</subfield><subfield code="d">1972-....</subfield><subfield code="0">(IDREF)127656553</subfield></datafield><datafield ind1=" " ind2=" " tag="960"><subfield code="2">mots-clés UNIGE</subfield><subfield code="a">cinéma et médecine ; avortement</subfield><subfield code="9">LOCAL</subfield></datafield><datafield ind1=" " ind2=" " tag="990"><subfield code="a">cinemed</subfield><subfield code="9">LOCAL</subfield></datafield></record>
</metadata></record>