<record><header><identifier>oai:alma.41SLSP_UGE:991000771919705502</identifier><datestamp>2023-03-01T01:10:02Z</datestamp><setSpec>uge_bcen_RapidILL_BOOK</setSpec><setSpec>uge_aaca_RapidILL_BOOK</setSpec><setSpec>uge_abels_RapidILL_BOOK</setSpec><setSpec>uge_dbu_RapidILL_BOOK</setSpec><setSpec>uge_cmu_RapidILL_BOOK</setSpec><setSpec>uge_mail_RapidILL_BOOK</setSpec><setSpec>UNIGE_ALL</setSpec><setSpec>uge_abbat_RapidILL_BOOK</setSpec><setSpec>uge_aobs_RapidILL_BOOK</setSpec><setSpec>uge_acar_RapidILL_BOOK</setSpec></header><metadata>
<record xmlns="http://www.loc.gov/MARC21/slim" xmlns:xsi="http://www.w3.org/2001/XMLSchema-instance" xsi:schemaLocation="http://www.loc.gov/MARC21/slim http://www.loc.gov/standards/marcxml/schema/MARC21slim.xsd"><leader>02053nam a22005412c 4500</leader><controlfield tag="001">991000771919705502</controlfield><controlfield tag="005">20201230224824.0</controlfield><controlfield tag="008">201011s1982    po a     b||| 000 0 por| </controlfield><datafield ind1=" " ind2=" " tag="010"><subfield code="a">84152620</subfield></datafield><datafield ind1=" " ind2=" " tag="035"><subfield code="a">(swissbib)227172728-41slsp_network</subfield></datafield><datafield ind1=" " ind2=" " tag="035"><subfield code="a">227172728</subfield><subfield code="9">ExL</subfield></datafield><datafield ind1=" " ind2=" " tag="035"><subfield code="a">(NEBIS)003192685EBI01</subfield></datafield><datafield ind1=" " ind2=" " tag="035"><subfield code="a">(RERO)R008952100-41slsp</subfield></datafield><datafield ind1=" " ind2=" " tag="035"><subfield code="a">(IDSSG)000453129HSB01</subfield></datafield><datafield ind1=" " ind2=" " tag="035"><subfield code="a">(OCoLC)9846446</subfield></datafield><datafield ind1=" " ind2=" " tag="035"><subfield code="a">(EXLNZ-41SLSP_NETWORK)991072396289705501</subfield></datafield><datafield ind1=" " ind2=" " tag="040"><subfield code="a">DLC</subfield><subfield code="d">CH-ZuSLS</subfield></datafield><datafield ind1=" " ind2=" " tag="050"><subfield code="a">NK1004.V57</subfield><subfield code="b">A77 1982</subfield></datafield><datafield ind1=" " ind2="7" tag="072"><subfield code="a">es</subfield><subfield code="2">rero</subfield></datafield><datafield ind1="0" ind2="0" tag="082"><subfield code="a">745/.09469/31</subfield><subfield code="2">19</subfield></datafield><datafield ind1="1" ind2="4" tag="082"><subfield code="a">680.946931</subfield><subfield code="2">22</subfield></datafield><datafield ind1="1" ind2=" " tag="100"><subfield code="a">Almeida, Carlos de</subfield></datafield><datafield ind1="1" ind2="0" tag="245"><subfield code="a">Artes e tradições de Viseu</subfield><subfield code="c">levantamento realizado pelo Centro de Estágio de Educação Visual, Escola Preparatória de Viseu</subfield></datafield><datafield ind1=" " ind2="1" tag="264"><subfield code="a">Lisboa</subfield><subfield code="b">Terra Livre</subfield><subfield code="c">1982</subfield></datafield><datafield ind1=" " ind2=" " tag="300"><subfield code="a">298 p.</subfield><subfield code="b">ill.</subfield><subfield code="c">21 cm</subfield></datafield><datafield ind1=" " ind2=" " tag="336"><subfield code="b">txt</subfield><subfield code="2">rdacontent</subfield></datafield><datafield ind1=" " ind2=" " tag="337"><subfield code="b">n</subfield><subfield code="2">rdamedia</subfield></datafield><datafield ind1=" " ind2=" " tag="338"><subfield code="b">nc</subfield><subfield code="2">rdacarrier</subfield></datafield><datafield ind1="0" ind2=" " tag="490"><subfield code="a">Portugal, escola e comunidade</subfield></datafield><datafield ind1="1" ind2=" " tag="490"><subfield code="a">Colecção Arte e artistas</subfield><subfield code="v">3</subfield></datafield><datafield ind1=" " ind2=" " tag="500"><subfield code="a">At head of title: Portugal, escola e comunidade</subfield></datafield><datafield ind1=" " ind2=" " tag="504"><subfield code="a">Includes bibliographical references</subfield></datafield><datafield ind1=" " ind2="6" tag="650"><subfield code="a">Art populaire</subfield><subfield code="z">Viseu, Région de (Portugal)</subfield></datafield><datafield ind1=" " ind2="6" tag="650"><subfield code="a">Folklore</subfield><subfield code="z">Viseu, Région de (Portugal)</subfield></datafield><datafield ind1=" " ind2="7" tag="650"><subfield code="a">Geschichte</subfield><subfield code="0">(DE-588)4020517-4</subfield><subfield code="2">gnd</subfield></datafield><datafield ind1=" " ind2="7" tag="650"><subfield code="a">Kultur</subfield><subfield code="0">(DE-588)4125698-0</subfield><subfield code="2">gnd</subfield></datafield><datafield ind1=" " ind2="0" tag="650"><subfield code="a">Folk art</subfield><subfield code="z">Portugal</subfield><subfield code="z">Viseu Region</subfield></datafield><datafield ind1=" " ind2="0" tag="650"><subfield code="a">Folklore</subfield><subfield code="z">Portugal</subfield><subfield code="z">Viseu Region</subfield></datafield><datafield ind1=" " ind2="7" tag="650"><subfield code="a">Kunst</subfield><subfield code="0">(DE-588)4114333-4</subfield><subfield code="2">gnd</subfield></datafield><datafield ind1=" " ind2="7" tag="651"><subfield code="a">Viseu</subfield><subfield code="0">(DE-588)4271858-2</subfield><subfield code="2">gnd</subfield></datafield><datafield ind1=" " ind2="7" tag="651"><subfield code="a">Portugal</subfield><subfield code="0">(DE-588)4046843-4</subfield><subfield code="2">gnd</subfield></datafield><datafield ind1=" " ind2=" " tag="690"><subfield code="a">Viseu</subfield><subfield code="2">uzb-Z9</subfield></datafield><datafield ind1=" " ind2=" " tag="690"><subfield code="a">Volkskunde / Einzelne Gebiete und Orte / Europa / Portugal</subfield><subfield code="2">uzb-Z9</subfield></datafield><datafield ind1="2" ind2=" " tag="710"><subfield code="a">Escola Preparatória (Barcelos)</subfield><subfield code="b">Centro de Estágio de Educação Visual</subfield><subfield code="4">aut</subfield></datafield><datafield ind1="2" ind2=" " tag="710"><subfield code="a">Centro de Estágio de Educação Visual</subfield><subfield code="g">Viseu</subfield><subfield code="0">(DE-588)803745-0</subfield></datafield><datafield ind1=" " ind2=" " tag="830"><subfield code="a">Colecção Arte e artistas</subfield><subfield code="v">3</subfield><subfield code="w">(RERO)R008952020-41slsp</subfield></datafield><datafield ind1=" " ind2=" " tag="900"><subfield code="a">IDSZRMedeaZBZ</subfield><subfield code="c">IDSZRwerm</subfield></datafield><datafield ind1=" " ind2=" " tag="900"><subfield code="a">REROnoselfmerge</subfield></datafield><datafield ind1=" " ind2=" " tag="910"><subfield code="a">LOC</subfield><subfield code="b">20190812</subfield><subfield code="c">Réutilisation sous conditions</subfield></datafield><datafield ind1=" " ind2=" " tag="993"><subfield code="a">BFLA 290666</subfield><subfield code="x">ge/ulpo/d/19/CEL</subfield><subfield code="9">LOCAL</subfield></datafield></record>
</metadata></record>