<record><header><identifier>oai:alma.41SLSP_UGE:991000772439705502</identifier><datestamp>2023-03-01T01:10:02Z</datestamp><setSpec>uge_bcen_RapidILL_BOOK</setSpec><setSpec>uge_aaca_RapidILL_BOOK</setSpec><setSpec>uge_abels_RapidILL_BOOK</setSpec><setSpec>uge_dbu_RapidILL_BOOK</setSpec><setSpec>uge_cmu_RapidILL_BOOK</setSpec><setSpec>uge_mail_RapidILL_BOOK</setSpec><setSpec>UNIGE_ALL</setSpec><setSpec>uge_abbat_RapidILL_BOOK</setSpec><setSpec>uge_aobs_RapidILL_BOOK</setSpec><setSpec>uge_acar_RapidILL_BOOK</setSpec></header><metadata>
<record xmlns="http://www.loc.gov/MARC21/slim" xmlns:xsi="http://www.w3.org/2001/XMLSchema-instance" xsi:schemaLocation="http://www.loc.gov/MARC21/slim http://www.loc.gov/standards/marcxml/schema/MARC21slim.xsd"><leader>01928nam a2200541 c 4500</leader><controlfield tag="001">991000772439705502</controlfield><controlfield tag="005">20201229223621.0</controlfield><controlfield tag="008">201011s1979    gw ||||| |||| 00| ||ger d</controlfield><datafield ind1=" " ind2=" " tag="020"><subfield code="a">3786111456</subfield></datafield><datafield ind1=" " ind2=" " tag="035"><subfield code="a">(swissbib)212212443-41slsp_network</subfield></datafield><datafield ind1=" " ind2=" " tag="035"><subfield code="a">212212443</subfield><subfield code="9">ExL</subfield></datafield><datafield ind1=" " ind2=" " tag="035"><subfield code="a">(RERO)R004502109-41slsp</subfield></datafield><datafield ind1=" " ind2=" " tag="035"><subfield code="a">(IDSBB)000396471DSV01</subfield></datafield><datafield ind1=" " ind2=" " tag="035"><subfield code="a">(NEBIS)003164983EBI01</subfield></datafield><datafield ind1=" " ind2=" " tag="035"><subfield code="a">(EXLNZ-41SLSP_NETWORK)991028039449705501</subfield></datafield><datafield ind1=" " ind2=" " tag="040"><subfield code="a">RERO geulsa</subfield><subfield code="d">CH-ZuSLS</subfield></datafield><datafield ind1=" " ind2="7" tag="072"><subfield code="a">ar</subfield><subfield code="2">rero</subfield></datafield><datafield ind1=" " ind2="7" tag="072"><subfield code="a">ao</subfield><subfield code="2">SzZuIDS BS/BE</subfield></datafield><datafield ind1="0" ind2="0" tag="082"><subfield code="a">935 s</subfield><subfield code="a">935</subfield></datafield><datafield ind1="0" ind2="4" tag="082"><subfield code="a">935</subfield></datafield><datafield ind1="1" ind2="4" tag="082"><subfield code="a">930</subfield><subfield code="2">15</subfield></datafield><datafield ind1=" " ind2=" " tag="084"><subfield code="a">6,22</subfield><subfield code="2">ssgn</subfield></datafield><datafield ind1=" " ind2=" " tag="084"><subfield code="a">EM 1980</subfield><subfield code="2">rvk</subfield></datafield><datafield ind1=" " ind2=" " tag="084"><subfield code="a">EM 2980</subfield><subfield code="2">rvk</subfield></datafield><datafield ind1=" " ind2=" " tag="084"><subfield code="a">NG 4000</subfield><subfield code="2">rvk</subfield></datafield><datafield ind1="1" ind2=" " tag="100"><subfield code="a">Kümmel, Hans Martin</subfield><subfield code="0">(IDREF)028754611</subfield><subfield code="4">cre</subfield></datafield><datafield ind1="1" ind2="0" tag="245"><subfield code="a">Familie, Beruf und Amt im spätbabylonischen Uruk</subfield><subfield code="b">prosopographische Untersuchungen zu Berufsgruppen des 6. Jahrhunderts v. Chr. in Uruk</subfield><subfield code="c">von Hans Martin Kümmel</subfield></datafield><datafield ind1=" " ind2="1" tag="264"><subfield code="a">Berlin</subfield><subfield code="b">Mann</subfield><subfield code="c">1979</subfield></datafield><datafield ind1=" " ind2=" " tag="300"><subfield code="a">182 p.</subfield><subfield code="b">ill.</subfield></datafield><datafield ind1=" " ind2=" " tag="336"><subfield code="b">txt</subfield><subfield code="2">rdacontent</subfield></datafield><datafield ind1=" " ind2=" " tag="337"><subfield code="b">n</subfield><subfield code="2">rdamedia</subfield></datafield><datafield ind1=" " ind2=" " tag="338"><subfield code="b">nc</subfield><subfield code="2">rdacarrier</subfield></datafield><datafield ind1="1" ind2=" " tag="490"><subfield code="a">Abhandlungen der deutschen Orient-Gesellschaft</subfield><subfield code="v">20</subfield></datafield><datafield ind1=" " ind2=" " tag="502"><subfield code="a">Zugl.: Habil'schrift Tübingen.</subfield></datafield><datafield ind1=" " ind2="7" tag="648"><subfield code="a">Geschichte 600 v. Chr.-500 v. Chr</subfield><subfield code="2">gnd</subfield></datafield><datafield ind1=" " ind2="7" tag="650"><subfield code="a">Kultur</subfield><subfield code="0">(DE-588)4125698-0</subfield><subfield code="2">gnd</subfield></datafield><datafield ind1=" " ind2="0" tag="650"><subfield code="a">Name, Persoonlik</subfield><subfield code="x">Assiries-Babilonies</subfield></datafield><datafield ind1=" " ind2="0" tag="650"><subfield code="a">Names, Personal</subfield><subfield code="x">Akkadian</subfield></datafield><datafield ind1=" " ind2="0" tag="650"><subfield code="a">Professies</subfield><subfield code="z">Iran</subfield><subfield code="z">Erech</subfield></datafield><datafield ind1=" " ind2="0" tag="650"><subfield code="a">Professions</subfield><subfield code="z">Iraq</subfield><subfield code="z">Erech (Extinct city)</subfield></datafield><datafield ind1=" " ind2="7" tag="651"><subfield code="a">Uruk</subfield><subfield code="0">(DE-588)4062188-1</subfield><subfield code="2">gnd</subfield></datafield><datafield ind1=" " ind2="0" tag="651"><subfield code="a">Erech, Babilonie</subfield><subfield code="x">Beskawing</subfield></datafield><datafield ind1=" " ind2="0" tag="651"><subfield code="a">Erech (Extinct city)</subfield><subfield code="x">Civilization</subfield></datafield><datafield ind1=" " ind2="7" tag="655"><subfield code="a">Hochschulschrift</subfield><subfield code="2">gnd-content</subfield></datafield><datafield ind1=" " ind2=" " tag="690"><subfield code="a">Uruk-Warka</subfield><subfield code="2">uzb-Z9</subfield></datafield><datafield ind1=" " ind2=" " tag="830"><subfield code="a">Abhandlungen der Deutschen Orient-Gesellschaft</subfield><subfield code="v">20</subfield><subfield code="w">(IDSBB)000080074DSV01</subfield></datafield><datafield ind1=" " ind2=" " tag="830"><subfield code="a">Abhandlungen der deutschen Orient-Gesellschaft</subfield><subfield code="v">20</subfield><subfield code="w">(RERO)1906677-41slsp</subfield></datafield><datafield ind1=" " ind2=" " tag="900"><subfield code="a">REROnoselfmerge</subfield></datafield><datafield ind1=" " ind2=" " tag="900"><subfield code="a">IDSZRMedeaZBZ</subfield></datafield></record>
</metadata></record>