<record><header><identifier>oai:alma.41SLSP_UGE:991000772229705502</identifier><datestamp>2024-05-28T00:07:35Z</datestamp><setSpec>uge_bcen_RapidILL_BOOK</setSpec><setSpec>uge_aaca_RapidILL_BOOK</setSpec><setSpec>uge_abels_RapidILL_BOOK</setSpec><setSpec>uge_dbu_RapidILL_BOOK</setSpec><setSpec>uge_cmu_RapidILL_BOOK</setSpec><setSpec>uge_mail_RapidILL_BOOK</setSpec><setSpec>uge_abbat_RapidILL_BOOK</setSpec><setSpec>UNIGE_ALL</setSpec><setSpec>uge_aobs_RapidILL_BOOK</setSpec><setSpec>uge_acar_RapidILL_BOOK</setSpec></header><metadata>
<record xmlns="http://www.loc.gov/MARC21/slim" xmlns:xsi="http://www.w3.org/2001/XMLSchema-instance" xsi:schemaLocation="http://www.loc.gov/MARC21/slim http://www.loc.gov/standards/marcxml/schema/MARC21slim.xsd"><leader>01329nam a2200385 ca4500</leader><controlfield tag="001">991000772229705502</controlfield><controlfield tag="005">20240527122815.0</controlfield><controlfield tag="008">201011m19691977it ||||| |||| 00| ||ita d</controlfield><datafield ind1=" " ind2=" " tag="035"><subfield code="a">(swissbib)226806561-41slsp_network</subfield></datafield><datafield ind1=" " ind2=" " tag="035"><subfield code="a">226806561</subfield><subfield code="9">ExL</subfield></datafield><datafield ind1=" " ind2=" " tag="035"><subfield code="a">(RERO)1228352-41slsp</subfield></datafield><datafield ind1=" " ind2=" " tag="035"><subfield code="a">(NEBIS)003314779EBI01</subfield></datafield><datafield ind1=" " ind2=" " tag="035"><subfield code="a">(IDSBB)001747657DSV01</subfield></datafield><datafield ind1=" " ind2=" " tag="035"><subfield code="a">(EXLNZ-41SLSP_NETWORK)991143216809705501</subfield></datafield><datafield ind1=" " ind2=" " tag="040"><subfield code="a">RERO tibrlm</subfield><subfield code="d">CH-ZuSLS</subfield></datafield><datafield ind1="1" ind2=" " tag="041"><subfield code="a">ita</subfield><subfield code="a">ger</subfield><subfield code="a">spa</subfield><subfield code="a">fre</subfield><subfield code="a">eng</subfield><subfield code="h">ger</subfield><subfield code="h">spa</subfield><subfield code="h">fre</subfield><subfield code="h">eng</subfield></datafield><datafield ind1=" " ind2="7" tag="072"><subfield code="a">lc</subfield><subfield code="2">rero</subfield></datafield><datafield ind1="0" ind2="0" tag="082"><subfield code="a">808.81</subfield></datafield><datafield ind1="1" ind2=" " tag="100"><subfield code="6">880-01</subfield><subfield code="a">Solmi, Sergio</subfield><subfield code="d">1899-1981</subfield><subfield code="0">(DE-588)119372533</subfield></datafield><datafield ind1="1" ind2=" " tag="880"><subfield code="6">100-01</subfield><subfield code="a">Solmi, Sergio</subfield><subfield code="0">(RERO)A003847697</subfield></datafield><datafield ind1="1" ind2="0" tag="245"><subfield code="a">Quaderno di traduzioni</subfield><subfield code="c">Sergio Solmi</subfield></datafield><datafield ind1=" " ind2="1" tag="264"><subfield code="a">Torino</subfield><subfield code="b">Einaudi</subfield><subfield code="c">1969-1977</subfield></datafield><datafield ind1=" " ind2=" " tag="300"><subfield code="a">2 vol.</subfield><subfield code="c">18 cm</subfield></datafield><datafield ind1=" " ind2=" " tag="336"><subfield code="b">txt</subfield><subfield code="2">rdacontent</subfield></datafield><datafield ind1=" " ind2=" " tag="337"><subfield code="b">n</subfield><subfield code="2">rdamedia</subfield></datafield><datafield ind1=" " ind2=" " tag="338"><subfield code="b">nc</subfield><subfield code="2">rdacarrier</subfield></datafield><datafield ind1="1" ind2=" " tag="490"><subfield code="a">Collezione di poesia</subfield><subfield code="v">65</subfield><subfield code="v">143</subfield></datafield><datafield ind1=" " ind2="0" tag="650"><subfield code="a">Italian poetry</subfield><subfield code="x">Translations from foreign literature</subfield></datafield><datafield ind1=" " ind2="0" tag="650"><subfield code="a">Poetry, Modern</subfield></datafield><datafield ind1=" " ind2="0" tag="650"><subfield code="a">Poetry, Modern</subfield><subfield code="v">Translations into Italian</subfield></datafield><datafield ind1=" " ind2="0" tag="650"><subfield code="a">Poetry, Modern</subfield><subfield code="y">20th century</subfield></datafield><datafield ind1=" " ind2="0" tag="650"><subfield code="a">Poetry, Modern</subfield><subfield code="y">20th century</subfield><subfield code="x">Translations into Italian</subfield></datafield><datafield ind1=" " ind2="0" tag="830"><subfield code="a">Collezione di poesia</subfield><subfield code="v">65,143</subfield><subfield code="w">(RERO)0337473-41slsp</subfield></datafield><datafield ind1=" " ind2=" " tag="900"><subfield code="a">REROnoselfmerge</subfield></datafield><datafield ind1=" " ind2=" " tag="900"><subfield code="a">IDSZRMedeaZBZ</subfield><subfield code="b">IDSZRMehrbändig</subfield></datafield><datafield ind1=" " ind2=" " tag="900"><subfield code="a">IDSZRMedeaZBZ</subfield><subfield code="b">IDSZRSWK</subfield></datafield><datafield ind1=" " ind2=" " tag="993"><subfield code="a">BFLA 171183</subfield><subfield code="x">ge/ulit/a/FLs 11949</subfield><subfield code="9">LOCAL</subfield></datafield></record>
</metadata></record>