<record><header><identifier>oai:alma.41SLSP_UGE:991000772239705502</identifier><datestamp>2023-03-01T01:10:02Z</datestamp><setSpec>uge_bcen_RapidILL_BOOK</setSpec><setSpec>uge_aaca_RapidILL_BOOK</setSpec><setSpec>uge_abels_RapidILL_BOOK</setSpec><setSpec>uge_dbu_RapidILL_BOOK</setSpec><setSpec>uge_cmu_RapidILL_BOOK</setSpec><setSpec>uge_mail_RapidILL_BOOK</setSpec><setSpec>UNIGE_ALL</setSpec><setSpec>uge_abbat_RapidILL_BOOK</setSpec><setSpec>uge_aobs_RapidILL_BOOK</setSpec><setSpec>uge_acar_RapidILL_BOOK</setSpec></header><metadata>
<record xmlns="http://www.loc.gov/MARC21/slim" xmlns:xsi="http://www.w3.org/2001/XMLSchema-instance" xsi:schemaLocation="http://www.loc.gov/MARC21/slim http://www.loc.gov/standards/marcxml/schema/MARC21slim.xsd"><leader>01429nam a2200421 c 4500</leader><controlfield tag="001">991000772239705502</controlfield><controlfield tag="005">20201229230256.0</controlfield><controlfield tag="008">201011s1986    be ||||| |||| 00| ||fre d</controlfield><datafield ind1=" " ind2=" " tag="020"><subfield code="a">2804001598</subfield></datafield><datafield ind1=" " ind2=" " tag="035"><subfield code="a">(swissbib)212792350-41slsp_network</subfield></datafield><datafield ind1=" " ind2=" " tag="035"><subfield code="a">212792350</subfield><subfield code="9">ExL</subfield></datafield><datafield ind1=" " ind2=" " tag="035"><subfield code="a">(RERO)0764548-41slsp</subfield></datafield><datafield ind1=" " ind2=" " tag="035"><subfield code="a">(IDSBB)000182965DSV01</subfield></datafield><datafield ind1=" " ind2=" " tag="035"><subfield code="a">(NEBIS)008851811EBI01</subfield></datafield><datafield ind1=" " ind2=" " tag="035"><subfield code="a">(EXLNZ-41SLSP_NETWORK)991160191829705501</subfield></datafield><datafield ind1=" " ind2=" " tag="040"><subfield code="a">RERO labcud</subfield><subfield code="d">CH-ZuSLS</subfield></datafield><datafield ind1=" " ind2="7" tag="072"><subfield code="a">fr</subfield><subfield code="2">rero</subfield></datafield><datafield ind1=" " ind2="7" tag="072"><subfield code="a">fr</subfield><subfield code="2">SzZuIDS BS/BE</subfield></datafield><datafield ind1=" " ind2=" " tag="084"><subfield code="a">IH 73120</subfield><subfield code="2">rvk</subfield></datafield><datafield ind1="1" ind2=" " tag="100"><subfield code="a">Plisnier, Charles</subfield><subfield code="0">(RERO)A003699995</subfield><subfield code="4">cre</subfield></datafield><datafield ind1="1" ind2="0" tag="245"><subfield code="a">Folies douces</subfield><subfield code="c">Charles Plisnier ; préf. de Vera Feyder, lecture de Luc Dellisse</subfield></datafield><datafield ind1=" " ind2="1" tag="264"><subfield code="a">Bruxelles</subfield><subfield code="b">Ed. Labor</subfield><subfield code="c">1986</subfield></datafield><datafield ind1=" " ind2=" " tag="300"><subfield code="a">238 p.</subfield><subfield code="b">ill.</subfield><subfield code="c">18 cm</subfield></datafield><datafield ind1=" " ind2=" " tag="336"><subfield code="b">txt</subfield><subfield code="2">rdacontent</subfield></datafield><datafield ind1=" " ind2=" " tag="337"><subfield code="b">n</subfield><subfield code="2">rdamedia</subfield></datafield><datafield ind1=" " ind2=" " tag="338"><subfield code="b">nc</subfield><subfield code="2">rdacarrier</subfield></datafield><datafield ind1="1" ind2=" " tag="490"><subfield code="a">Espace nord</subfield><subfield code="v">29</subfield></datafield><datafield ind1=" " ind2=" " tag="500"><subfield code="a">Recueil de nouvelles</subfield></datafield><datafield ind1="1" ind2="7" tag="600"><subfield code="a">Plisnier, Charles</subfield><subfield code="2">idsbb</subfield></datafield><datafield ind1="1" ind2="7" tag="600"><subfield code="a">Plisnier, Charles</subfield><subfield code="x">Folies douces</subfield><subfield code="2">idsbb</subfield></datafield><datafield ind1=" " ind2="7" tag="650"><subfield code="a">Wahnsinn</subfield><subfield code="x">Motiv</subfield><subfield code="x">Französische Literatur</subfield><subfield code="v">Text</subfield><subfield code="2">idsbb</subfield></datafield><datafield ind1=" " ind2="7" tag="650"><subfield code="a">Französische Literatur</subfield><subfield code="x">Motiv</subfield><subfield code="x">Wahnsinn</subfield><subfield code="v">Text</subfield><subfield code="2">idsbb</subfield></datafield><datafield ind1="1" ind2=" " tag="700"><subfield code="a">Feyder, Vera</subfield></datafield><datafield ind1="1" ind2=" " tag="700"><subfield code="a">Dellisse, Luc</subfield><subfield code="d">1953-....</subfield><subfield code="0">(IDREF)028800702</subfield></datafield><datafield ind1=" " ind2=" " tag="830"><subfield code="a">Espace Nord</subfield><subfield code="v">29</subfield><subfield code="w">(NEBIS)002035387EBI01</subfield></datafield><datafield ind1=" " ind2=" " tag="830"><subfield code="a">Espace nord</subfield><subfield code="v">29</subfield><subfield code="w">(RERO)0543623-41slsp</subfield></datafield><datafield ind1=" " ind2=" " tag="830"><subfield code="a">Espace Nord</subfield><subfield code="v">29</subfield><subfield code="w">(IDSBB)000093278DSV01</subfield></datafield><datafield ind1=" " ind2=" " tag="900"><subfield code="a">REROnoselfmerge</subfield></datafield><datafield ind1=" " ind2=" " tag="900"><subfield code="f">IDSU2medea</subfield></datafield><datafield ind1=" " ind2=" " tag="990"><subfield code="a">glfbe</subfield><subfield code="9">LOCAL</subfield></datafield></record>
</metadata></record>