<record><header><identifier>oai:alma.41SLSP_UGE:991000771819705502</identifier><datestamp>2023-06-27T00:15:01Z</datestamp><setSpec>uge_bcen_RapidILL_BOOK</setSpec><setSpec>uge_aaca_RapidILL_BOOK</setSpec><setSpec>uge_abels_RapidILL_BOOK</setSpec><setSpec>uge_dbu_RapidILL_BOOK</setSpec><setSpec>uge_cmu_RapidILL_BOOK</setSpec><setSpec>uge_mail_RapidILL_BOOK</setSpec><setSpec>uge_abbat_RapidILL_BOOK</setSpec><setSpec>UNIGE_ALL</setSpec><setSpec>uge_acar_RapidILL_BOOK</setSpec><setSpec>uge_aobs_RapidILL_BOOK</setSpec></header><metadata>
<record xmlns="http://www.loc.gov/MARC21/slim" xmlns:xsi="http://www.w3.org/2001/XMLSchema-instance" xsi:schemaLocation="http://www.loc.gov/MARC21/slim http://www.loc.gov/standards/marcxml/schema/MARC21slim.xsd"><leader>00879nam a2200265 c 4500</leader><controlfield tag="001">991000771819705502</controlfield><controlfield tag="005">20230625140104.0</controlfield><controlfield tag="008">010523s1999    sp ||||| |||| 00| ||spa d</controlfield><datafield ind1=" " ind2=" " tag="020"><subfield code="a">8487586414</subfield></datafield><datafield ind1=" " ind2=" " tag="035"><subfield code="a">(swissbib)096832517-41slsp_network</subfield></datafield><datafield ind1=" " ind2=" " tag="035"><subfield code="a">096832517</subfield><subfield code="9">ExL</subfield></datafield><datafield ind1=" " ind2=" " tag="035"><subfield code="a">(RERO)R003043267-41slsp</subfield></datafield><datafield ind1=" " ind2=" " tag="035"><subfield code="a">(EXLNZ-41SLSP_NETWORK)991074099409705501</subfield></datafield><datafield ind1=" " ind2=" " tag="040"><subfield code="a">RERO geueti</subfield><subfield code="d">CH-ZuSLS</subfield></datafield><datafield ind1=" " ind2="7" tag="072"><subfield code="a">dr</subfield><subfield code="2">rero</subfield></datafield><datafield ind1="1" ind2=" " tag="100"><subfield code="a">Gómez de Liaño Gonzalez, Fernando</subfield><subfield code="c">avocat</subfield><subfield code="0">(IDREF)031922872</subfield><subfield code="4">cre</subfield></datafield><datafield ind1="1" ind2="0" tag="245"><subfield code="a">Diccionario jurídico</subfield><subfield code="c">Fernando Gómez de Liaño</subfield></datafield><datafield ind1=" " ind2=" " tag="250"><subfield code="a">6a ed.</subfield><subfield code="b">con la colab. de Marcos Loredo Colunga</subfield></datafield><datafield ind1=" " ind2="1" tag="264"><subfield code="a">Oviedo</subfield><subfield code="b">Forum</subfield><subfield code="c">1999</subfield></datafield><datafield ind1=" " ind2=" " tag="300"><subfield code="a">385 p.</subfield><subfield code="c">23 cm</subfield></datafield><datafield ind1=" " ind2=" " tag="336"><subfield code="b">txt</subfield><subfield code="2">rdacontent</subfield></datafield><datafield ind1=" " ind2=" " tag="337"><subfield code="b">n</subfield><subfield code="2">rdamedia</subfield></datafield><datafield ind1=" " ind2=" " tag="338"><subfield code="b">nc</subfield><subfield code="2">rdacarrier</subfield></datafield><datafield ind1=" " ind2="7" tag="650"><subfield code="a">Droit</subfield><subfield code="0">(IDREF)027466868</subfield><subfield code="2">idref</subfield></datafield><datafield ind1=" " ind2="7" tag="655"><subfield code="a">Dictionnaires</subfield><subfield code="2">idref</subfield><subfield code="0">(IDREF)027232050</subfield></datafield><datafield ind1="1" ind2=" " tag="700"><subfield code="a">Loredo Colunga, Marcos</subfield><subfield code="0">(RERO)A006447927</subfield></datafield></record>
</metadata></record>