<record><header><identifier>oai:alma.41SLSP_UGE:991000771699705502</identifier><datestamp>2023-03-01T01:10:02Z</datestamp><setSpec>uge_bcen_RapidILL_BOOK</setSpec><setSpec>uge_aaca_RapidILL_BOOK</setSpec><setSpec>uge_abels_RapidILL_BOOK</setSpec><setSpec>uge_dbu_RapidILL_BOOK</setSpec><setSpec>uge_cmu_RapidILL_BOOK</setSpec><setSpec>uge_mail_RapidILL_BOOK</setSpec><setSpec>UNIGE_ALL</setSpec><setSpec>uge_abbat_RapidILL_BOOK</setSpec><setSpec>uge_aobs_RapidILL_BOOK</setSpec><setSpec>uge_acar_RapidILL_BOOK</setSpec></header><metadata>
<record xmlns="http://www.loc.gov/MARC21/slim" xmlns:xsi="http://www.w3.org/2001/XMLSchema-instance" xsi:schemaLocation="http://www.loc.gov/MARC21/slim http://www.loc.gov/standards/marcxml/schema/MARC21slim.xsd"><leader>01357nam a2200301 c 4500</leader><controlfield tag="001">991000771699705502</controlfield><controlfield tag="005">20201125202323.0</controlfield><controlfield tag="008">040505s1982    xxu||||| |||| 10| ||eng d</controlfield><datafield ind1=" " ind2=" " tag="035"><subfield code="a">(swissbib)100543332-41slsp_network</subfield></datafield><datafield ind1=" " ind2=" " tag="035"><subfield code="a">100543332</subfield><subfield code="9">ExL</subfield></datafield><datafield ind1=" " ind2=" " tag="035"><subfield code="a">(RERO)R003629674-41slsp</subfield></datafield><datafield ind1=" " ind2=" " tag="035"><subfield code="a">(EXLNZ-41SLSP_NETWORK)991134589199705501</subfield></datafield><datafield ind1=" " ind2=" " tag="040"><subfield code="a">RERO geussp</subfield><subfield code="d">CH-ZuSLS</subfield></datafield><datafield ind1=" " ind2="7" tag="072"><subfield code="a">py</subfield><subfield code="2">rero</subfield></datafield><datafield ind1="0" ind2="0" tag="245"><subfield code="a">Proceedings of the 1982 DPF Summer Study on Elementary Particles Physics and Future Facilities, June 28-July 16, 1982, Snowmass, Colorado</subfield><subfield code="c">ed. Rene Donaldson, Richard Gustafson, Frank Paige</subfield></datafield><datafield ind1="1" ind2=" " tag="246"><subfield code="a">Elementary particles physics and future facilities</subfield></datafield><datafield ind1=" " ind2="1" tag="264"><subfield code="a">[New York]</subfield><subfield code="b">[AIP]</subfield><subfield code="c">[1982]</subfield></datafield><datafield ind1=" " ind2=" " tag="300"><subfield code="a">XII, 660 p.</subfield><subfield code="b">ill.</subfield><subfield code="c">29 cm</subfield></datafield><datafield ind1=" " ind2=" " tag="336"><subfield code="b">txt</subfield><subfield code="2">rdacontent</subfield></datafield><datafield ind1=" " ind2=" " tag="337"><subfield code="b">n</subfield><subfield code="2">rdamedia</subfield></datafield><datafield ind1=" " ind2=" " tag="338"><subfield code="b">nc</subfield><subfield code="2">rdacarrier</subfield></datafield><datafield ind1=" " ind2=" " tag="500"><subfield code="a">Dos de la couv.: Elementary particles physics and future facilities</subfield></datafield><datafield ind1=" " ind2=" " tag="500"><subfield code="a">Congrès de physique. Snowmass Colorado. 1982</subfield></datafield><datafield ind1="1" ind2=" " tag="700"><subfield code="a">Donaldson, Rene</subfield><subfield code="c">physicien</subfield><subfield code="0">(IDREF)075000148</subfield></datafield><datafield ind1="1" ind2=" " tag="700"><subfield code="a">Gustafson, Richard</subfield><subfield code="0">(RERO)A009646442</subfield></datafield><datafield ind1="1" ind2=" " tag="700"><subfield code="a">Paige, Frank</subfield><subfield code="0">(RERO)A009646443</subfield></datafield><datafield ind1="2" ind2=" " tag="710"><subfield code="a">American Physical Society</subfield><subfield code="b">Division of Particles and Fields</subfield><subfield code="b">Summer Study</subfield><subfield code="n">1</subfield><subfield code="d">1982</subfield><subfield code="c">Snowmass, Colo.</subfield><subfield code="0">(RERO)A024276582</subfield></datafield><datafield ind1="2" ind2=" " tag="711"><subfield code="a">Summer Study on Elementary Particles Physics and Future Facilities</subfield><subfield code="d">1982</subfield><subfield code="c">Snowmass, Colo.</subfield><subfield code="0">(RERO)A024276585</subfield></datafield><datafield ind1=" " ind2=" " tag="900"><subfield code="a">REROnoselfmerge</subfield></datafield></record>
</metadata></record>