<record><header><identifier>oai:alma.41SLSP_UGE:991000772429705502</identifier><datestamp>2024-03-09T01:32:14Z</datestamp><setSpec>uge_bcen_RapidILL_BOOK</setSpec><setSpec>uge_aaca_RapidILL_BOOK</setSpec><setSpec>uge_abels_RapidILL_BOOK</setSpec><setSpec>uge_dbu_RapidILL_BOOK</setSpec><setSpec>uge_cmu_RapidILL_BOOK</setSpec><setSpec>uge_mail_RapidILL_BOOK</setSpec><setSpec>uge_abbat_RapidILL_BOOK</setSpec><setSpec>UNIGE_ALL</setSpec><setSpec>uge_acar_RapidILL_BOOK</setSpec><setSpec>uge_aobs_RapidILL_BOOK</setSpec></header><metadata>
<record xmlns="http://www.loc.gov/MARC21/slim" xmlns:xsi="http://www.w3.org/2001/XMLSchema-instance" xsi:schemaLocation="http://www.loc.gov/MARC21/slim http://www.loc.gov/standards/marcxml/schema/MARC21slim.xsd"><leader>02742nam a2200733 ca4500</leader><controlfield tag="001">991000772429705502</controlfield><controlfield tag="005">20240308230804.0</controlfield><controlfield tag="008">201011s1996    gw ||||| |||| 00| ||ger d</controlfield><datafield ind1=" " ind2=" " tag="020"><subfield code="a">3534121848</subfield><subfield code="q">Bd. 1</subfield></datafield><datafield ind1=" " ind2=" " tag="020"><subfield code="a">3534121856</subfield><subfield code="q">Bd. 2</subfield></datafield><datafield ind1=" " ind2=" " tag="020"><subfield code="a">353412975X</subfield></datafield><datafield ind1=" " ind2=" " tag="020"><subfield code="a">9783534121847</subfield></datafield><datafield ind1=" " ind2=" " tag="020"><subfield code="a">9783534129751</subfield></datafield><datafield ind1=" " ind2=" " tag="020"><subfield code="a">9783534121854</subfield></datafield><datafield ind1=" " ind2=" " tag="035"><subfield code="a">(swissbib)225131021-41slsp_network</subfield></datafield><datafield ind1=" " ind2=" " tag="035"><subfield code="a">225131021</subfield><subfield code="9">ExL</subfield></datafield><datafield ind1=" " ind2=" " tag="035"><subfield code="a">(RERO)2236487-41slsp</subfield></datafield><datafield ind1=" " ind2=" " tag="035"><subfield code="a">(IDSLU)001032769ILU01</subfield></datafield><datafield ind1=" " ind2=" " tag="035"><subfield code="a">(NEBIS)001661416EBI01</subfield></datafield><datafield ind1=" " ind2=" " tag="035"><subfield code="a">(SBT)000903349SBT01</subfield></datafield><datafield ind1=" " ind2=" " tag="035"><subfield code="a">(ABN)000136247ABN01</subfield></datafield><datafield ind1=" " ind2=" " tag="035"><subfield code="a">(EXLNZ-41SLSP_NETWORK)991060555589705501</subfield></datafield><datafield ind1=" " ind2=" " tag="040"><subfield code="a">RERO labcud</subfield><subfield code="d">CH-ZuSLS</subfield></datafield><datafield ind1="1" ind2=" " tag="041"><subfield code="a">ger</subfield><subfield code="h">grc</subfield></datafield><datafield ind1=" " ind2="7" tag="072"><subfield code="a">gr</subfield><subfield code="2">rero</subfield></datafield><datafield ind1="1" ind2=" " tag="080"><subfield code="a">875APOLLONR1</subfield></datafield><datafield ind1=" " ind2=" " tag="084"><subfield code="a">FH 42550</subfield><subfield code="2">rvk</subfield></datafield><datafield ind1=" " ind2=" " tag="084"><subfield code="a">FH 42552</subfield><subfield code="2">rvk</subfield></datafield><datafield ind1=" " ind2=" " tag="084"><subfield code="a">FH 42553</subfield><subfield code="2">rvk</subfield></datafield><datafield ind1=" " ind2=" " tag="084"><subfield code="a">NH 3069</subfield><subfield code="2">rvk</subfield></datafield><datafield ind1=" " ind2=" " tag="084"><subfield code="a">PV 225</subfield><subfield code="2">rvk</subfield></datafield><datafield ind1="0" ind2=" " tag="100"><subfield code="6">880-01</subfield><subfield code="a">Apollonios de Rhodes</subfield><subfield code="d">0295?-0230? av. J.-C.</subfield><subfield code="0">(IDREF)026688697</subfield><subfield code="4">cre</subfield></datafield><datafield ind1="0" ind2=" " tag="880"><subfield code="a">Apollonius</subfield><subfield code="c">Rhodius</subfield><subfield code="d">v295-v215</subfield><subfield code="6">100-01</subfield><subfield code="0">(DE-588)118503677</subfield></datafield><datafield ind1="0" ind2=" " tag="880"><subfield code="6">100-01</subfield><subfield code="a">Apollonius</subfield><subfield code="c">Rhodius</subfield><subfield code="d">295 a.C.-215 a.C.</subfield><subfield code="0">(SBT11)000000295</subfield></datafield><datafield ind1="1" ind2="0" tag="240"><subfield code="a">Argonautica</subfield></datafield><datafield ind1="1" ind2="0" tag="245"><subfield code="a">&lt;&lt;Das&gt;&gt; Argonautenepos</subfield><subfield code="b">= Apollōniou Rhodiou Argonautika</subfield><subfield code="c">Apollonios von Rhodos ; hrsg., übersetzt und erläutert von Reinhold Glei und Stephanie Natzel-Glei</subfield></datafield><datafield ind1="1" ind2=" " tag="246"><subfield code="a">Argonautica</subfield></datafield><datafield ind1="1" ind2="1" tag="246"><subfield code="a">Argonautika</subfield></datafield><datafield ind1=" " ind2="1" tag="264"><subfield code="a">Darmstadt</subfield><subfield code="b">Wissenschaftliche Buchgesellschaft</subfield><subfield code="c">[1996]</subfield></datafield><datafield ind1=" " ind2="4" tag="264"><subfield code="c">© 1996</subfield></datafield><datafield ind1=" " ind2=" " tag="300"><subfield code="a">2 vol.</subfield><subfield code="c">22 cm</subfield></datafield><datafield ind1=" " ind2=" " tag="336"><subfield code="b">txt</subfield><subfield code="2">rdacontent</subfield></datafield><datafield ind1=" " ind2=" " tag="337"><subfield code="b">n</subfield><subfield code="2">rdamedia</subfield></datafield><datafield ind1=" " ind2=" " tag="338"><subfield code="b">nc</subfield><subfield code="2">rdacarrier</subfield></datafield><datafield ind1="1" ind2=" " tag="490"><subfield code="a">Texte zur Forschung</subfield><subfield code="v">Bd. 63</subfield><subfield code="v">Bd. 64</subfield></datafield><datafield ind1=" " ind2=" " tag="500"><subfield code="a">Parallelsachtitel: Argonautika</subfield></datafield><datafield ind1=" " ind2=" " tag="500"><subfield code="a">Griech.-deut. Paralleltext</subfield></datafield><datafield ind1=" " ind2=" " tag="500"><subfield code="a">Originaltitel: Argonautica</subfield></datafield><datafield ind1=" " ind2=" " tag="500"><subfield code="a">Text griech. mit dt. Uebers. parallel angeordnet</subfield></datafield><datafield ind1=" " ind2=" " tag="500"><subfield code="a">Griech. Paralleltitel: Argonautika</subfield></datafield><datafield ind1="0" ind2="0" tag="505"><subfield code="g">Band 1</subfield><subfield code="t">Erstes und zweites Buch</subfield></datafield><datafield ind1="0" ind2="0" tag="505"><subfield code="g">Band 2</subfield><subfield code="t">Drittes und viertes Buch</subfield></datafield><datafield ind1="0" ind2="7" tag="600"><subfield code="a">Apollonius</subfield><subfield code="c">Rhodius</subfield><subfield code="d">v295-v215</subfield><subfield code="t">Argonautica</subfield><subfield code="0">(DE-588)4279882-6</subfield><subfield code="2">gnd</subfield></datafield><datafield ind1="0" ind2="0" tag="600"><subfield code="a">Medea</subfield><subfield code="c">consort of Aegeus, King of Athens (Mythological character</subfield><subfield code="v">Poetry</subfield></datafield><datafield ind1=" " ind2="7" tag="650"><subfield code="a">Griechisch</subfield><subfield code="2">idszbz</subfield></datafield><datafield ind1=" " ind2="7" tag="650"><subfield code="a">Lyrik</subfield><subfield code="2">idszbz</subfield></datafield><datafield ind1=" " ind2="0" tag="650"><subfield code="a">Argonauts (Greek mythology)</subfield><subfield code="v">Poetry</subfield></datafield><datafield ind1=" " ind2="0" tag="650"><subfield code="a">Jason (Greek mythology)</subfield><subfield code="v">Poetry</subfield></datafield><datafield ind1=" " ind2="7" tag="655"><subfield code="a">Ausgabe</subfield><subfield code="2">idszbz</subfield></datafield><datafield ind1=" " ind2=" " tag="691"><subfield code="e">883.01</subfield><subfield code="a">Narrativa e poesia epica in greco classico, origini-499</subfield><subfield code="2">usi-TE</subfield></datafield><datafield ind1="1" ind2=" " tag="700"><subfield code="a">Natzel-Glei, Stephanie</subfield><subfield code="d">1963-</subfield><subfield code="0">(DE-588)144051915</subfield></datafield><datafield ind1="1" ind2=" " tag="700"><subfield code="6">880-02</subfield><subfield code="a">Glei, Reinhold</subfield><subfield code="d">1959-</subfield><subfield code="0">(DE-588)110187385</subfield></datafield><datafield ind1="1" ind2=" " tag="880"><subfield code="6">700-02</subfield><subfield code="a">Glei, Reinhold F</subfield><subfield code="d">1959-....</subfield><subfield code="0">(IDREF)028497864</subfield></datafield><datafield ind1=" " ind2=" " tag="830"><subfield code="a">Texte zur Forschung</subfield><subfield code="v">63,64</subfield><subfield code="w">(RERO)0061202-41slsp</subfield></datafield><datafield ind1=" " ind2=" " tag="900"><subfield code="a">REROnoselfmerge</subfield></datafield></record>
</metadata></record>