<record><header><identifier>oai:alma.41SLSP_UGE:991000772319705502</identifier><datestamp>2023-04-08T00:23:10Z</datestamp><setSpec>uge_bcen_RapidILL_BOOK</setSpec><setSpec>uge_aaca_RapidILL_BOOK</setSpec><setSpec>uge_abels_RapidILL_BOOK</setSpec><setSpec>uge_dbu_RapidILL_BOOK</setSpec><setSpec>uge_cmu_RapidILL_BOOK</setSpec><setSpec>uge_mail_RapidILL_BOOK</setSpec><setSpec>uge_abbat_RapidILL_BOOK</setSpec><setSpec>UNIGE_ALL</setSpec><setSpec>uge_acar_RapidILL_BOOK</setSpec><setSpec>uge_aobs_RapidILL_BOOK</setSpec></header><metadata>
<record xmlns="http://www.loc.gov/MARC21/slim" xmlns:xsi="http://www.w3.org/2001/XMLSchema-instance" xsi:schemaLocation="http://www.loc.gov/MARC21/slim http://www.loc.gov/standards/marcxml/schema/MARC21slim.xsd"><leader>02069nam a2200433 c 4500</leader><controlfield tag="001">991000772319705502</controlfield><controlfield tag="005">20230407160518.0</controlfield><controlfield tag="008">201011s1995    fr ||||| |||| 00| ||fre d</controlfield><datafield ind1=" " ind2=" " tag="020"><subfield code="a">2854540646</subfield></datafield><datafield ind1=" " ind2=" " tag="035"><subfield code="a">(swissbib)224482343-41slsp_network</subfield></datafield><datafield ind1=" " ind2=" " tag="035"><subfield code="a">224482343</subfield><subfield code="9">ExL</subfield></datafield><datafield ind1=" " ind2=" " tag="035"><subfield code="a">(RERO)R238390260-41slsp</subfield></datafield><datafield ind1=" " ind2=" " tag="035"><subfield code="a">(NEBIS)001486922EBI01</subfield></datafield><datafield ind1=" " ind2=" " tag="035"><subfield code="a">(EXLNZ-41SLSP_NETWORK)991137257289705501</subfield></datafield><datafield ind1=" " ind2=" " tag="040"><subfield code="a">RERO geusst</subfield><subfield code="d">CH-ZuSLS</subfield></datafield><datafield ind1=" " ind2="7" tag="072"><subfield code="a">st</subfield><subfield code="2">rero</subfield></datafield><datafield ind1="1" ind2=" " tag="100"><subfield code="a">Carbonnel, Gilles</subfield><subfield code="d">19..-....</subfield><subfield code="0">(IDREF)026766485</subfield><subfield code="4">cre</subfield></datafield><datafield ind1="1" ind2="0" tag="245"><subfield code="a">Ostracodes paléogènes au débouché de la Mer transsaharienne (Mali-Niger)</subfield><subfield code="c">Gilles Carbonnel et Christian Monciardini</subfield></datafield><datafield ind1=" " ind2="1" tag="264"><subfield code="a">Villeurbanne</subfield><subfield code="b">Centre des sciences de la terre Université Claude Bernard</subfield><subfield code="c">1995</subfield></datafield><datafield ind1=" " ind2=" " tag="300"><subfield code="a">123 p.</subfield><subfield code="b">ill.</subfield><subfield code="c">30 cm</subfield><subfield code="e">7 pl.</subfield></datafield><datafield ind1=" " ind2=" " tag="336"><subfield code="b">txt</subfield><subfield code="2">rdacontent</subfield></datafield><datafield ind1=" " ind2=" " tag="337"><subfield code="b">n</subfield><subfield code="2">rdamedia</subfield></datafield><datafield ind1=" " ind2=" " tag="338"><subfield code="b">nc</subfield><subfield code="2">rdacarrier</subfield></datafield><datafield ind1="1" ind2=" " tag="490"><subfield code="a">Documents des laboratoires de géologie Lyon</subfield><subfield code="v">no 135</subfield></datafield><datafield ind1=" " ind2="7" tag="650"><subfield code="a">Paléogène</subfield><subfield code="0">(IDREF)027410226</subfield><subfield code="2">idref</subfield></datafield><datafield ind1=" " ind2="7" tag="650"><subfield code="a">Paléontologie</subfield><subfield code="0">(IDREF)030808677</subfield><subfield code="2">idref</subfield></datafield><datafield ind1=" " ind2="7" tag="650"><subfield code="a">Ostracodes</subfield><subfield code="0">(IDREF)027493881</subfield><subfield code="2">idref</subfield></datafield><datafield ind1=" " ind2="7" tag="650"><subfield code="a">MALI (WESTAFRIKA). REPUBLIK MALI</subfield><subfield code="9">ger</subfield><subfield code="0">(ETHUDK)000007090</subfield><subfield code="2">ethudk</subfield></datafield><datafield ind1=" " ind2="7" tag="650"><subfield code="a">MEERESFAUNA (PALÄONTOLOGIE)</subfield><subfield code="9">ger</subfield><subfield code="0">(ETHUDK)000051501</subfield><subfield code="2">ethudk</subfield></datafield><datafield ind1=" " ind2="7" tag="650"><subfield code="a">NIGER (WESTAFRIKA). REPUBLIK NIGER</subfield><subfield code="9">ger</subfield><subfield code="0">(ETHUDK)000007117</subfield><subfield code="2">ethudk</subfield></datafield><datafield ind1=" " ind2="7" tag="650"><subfield code="a">OSTRACODA + MUSCHELKREBSE (PALÄOZOOLOGIE)</subfield><subfield code="9">ger</subfield><subfield code="0">(ETHUDK)000021059</subfield><subfield code="2">ethudk</subfield></datafield><datafield ind1=" " ind2="7" tag="650"><subfield code="a">PALÄO-OZEANOGRAPHIE</subfield><subfield code="9">ger</subfield><subfield code="0">(ETHUDK)000020159</subfield><subfield code="2">ethudk</subfield></datafield><datafield ind1=" " ind2="7" tag="650"><subfield code="a">PALÄOGEN (STRATIGRAPHIE)</subfield><subfield code="9">ger</subfield><subfield code="0">(ETHUDK)000020501</subfield><subfield code="2">ethudk</subfield></datafield><datafield ind1=" " ind2="7" tag="650"><subfield code="a">PALÄOSTRÖMUNG (ABLAGERUNGSMILIEU)</subfield><subfield code="9">ger</subfield><subfield code="0">(ETHUDK)000045420</subfield><subfield code="2">ethudk</subfield></datafield><datafield ind1=" " ind2="7" tag="650"><subfield code="a">SAHARA WÜSTE (REGION)</subfield><subfield code="9">ger</subfield><subfield code="0">(ETHUDK)000006859</subfield><subfield code="2">ethudk</subfield></datafield><datafield ind1=" " ind2="7" tag="651"><subfield code="a">Afrique occidentale</subfield><subfield code="0">(IDREF)027321940</subfield><subfield code="2">idref</subfield></datafield><datafield ind1="1" ind2=" " tag="700"><subfield code="a">Monciardini, Christian</subfield><subfield code="d">1935-2006</subfield><subfield code="0">(IDREF)032822847</subfield></datafield><datafield ind1=" " ind2=" " tag="830"><subfield code="a">Documents des laboratoires de géologie Lyon</subfield><subfield code="v">135</subfield><subfield code="w">(RERO)1036614-41slsp</subfield></datafield><datafield ind1=" " ind2=" " tag="830"><subfield code="a">Documents des Laboratoires de Géologie Lyon</subfield><subfield code="v">135</subfield><subfield code="w">(NEBIS)000029803EBI01</subfield></datafield><datafield ind1=" " ind2=" " tag="900"><subfield code="a">REROnoselfmerge</subfield></datafield></record>
</metadata></record><record><header status="deleted"><identifier>oai:alma.41SLSP_UGE:991000771799705502</identifier><datestamp>2023-05-31T00:11:25Z</datestamp><setSpec>uge_bcen_RapidILL_BOOK</setSpec><setSpec>uge_aaca_RapidILL_BOOK</setSpec><setSpec>uge_abels_RapidILL_BOOK</setSpec><setSpec>uge_dbu_RapidILL_BOOK</setSpec><setSpec>uge_cmu_RapidILL_BOOK</setSpec><setSpec>uge_mail_RapidILL_BOOK</setSpec><setSpec>uge_abbat_RapidILL_BOOK</setSpec><setSpec>UNIGE_ALL</setSpec><setSpec>uge_acar_RapidILL_BOOK</setSpec><setSpec>uge_aobs_RapidILL_BOOK</setSpec></header></record>