<record><header><identifier>oai:alma.41SLSP_UGE:991000772539705502</identifier><datestamp>2023-03-01T01:10:02Z</datestamp><setSpec>UNIGE_ALL</setSpec></header><metadata>
<record xmlns="http://www.loc.gov/MARC21/slim" xmlns:xsi="http://www.w3.org/2001/XMLSchema-instance" xsi:schemaLocation="http://www.loc.gov/MARC21/slim http://www.loc.gov/standards/marcxml/schema/MARC21slim.xsd"><leader>01155njm a22003137c 4500</leader><controlfield tag="001">991000772539705502</controlfield><controlfield tag="005">20201222221623.0</controlfield><controlfield tag="007">sd b||||||||||</controlfield><controlfield tag="008">110122s1968    xx ||n |            eng d</controlfield><datafield ind1="0" ind2="2" tag="028"><subfield code="a">DECCA SDD 180</subfield></datafield><datafield ind1=" " ind2=" " tag="035"><subfield code="a">(swissbib)113563183-41slsp_network</subfield></datafield><datafield ind1=" " ind2=" " tag="035"><subfield code="a">113563183</subfield><subfield code="9">ExL</subfield></datafield><datafield ind1=" " ind2=" " tag="035"><subfield code="a">(RERO)R006021693-41slsp</subfield></datafield><datafield ind1=" " ind2=" " tag="035"><subfield code="a">(EXLNZ-41SLSP_NETWORK)991090246869705501</subfield></datafield><datafield ind1=" " ind2=" " tag="040"><subfield code="a">RERO geulmu</subfield><subfield code="d">CH-ZuSLS</subfield></datafield><datafield ind1=" " ind2="7" tag="072"><subfield code="a">mu</subfield><subfield code="2">rero</subfield></datafield><datafield ind1="1" ind2=" " tag="100"><subfield code="a">Turina, Joaquín</subfield><subfield code="d">1882-1949</subfield><subfield code="0">(IDREF)028523911</subfield><subfield code="4">cre</subfield></datafield><datafield ind1="1" ind2="0" tag="245"><subfield code="a">Danzas fantásticas</subfield><subfield code="c">Turina. Iberia / Albéniz ; orchestrated by Arbós</subfield></datafield><datafield ind1=" " ind2="1" tag="264"><subfield code="a">[Lieu de publication non identifié]</subfield><subfield code="b">[éditeur non identifié]</subfield><subfield code="c">[1968]</subfield></datafield><datafield ind1=" " ind2="4" tag="264"><subfield code="c">© 1968</subfield></datafield><datafield ind1=" " ind2=" " tag="300"><subfield code="a">1 disque sonore</subfield><subfield code="b">33 t.</subfield></datafield><datafield ind1=" " ind2=" " tag="336"><subfield code="b">prm</subfield><subfield code="2">rdacontent</subfield></datafield><datafield ind1=" " ind2=" " tag="337"><subfield code="b">s</subfield><subfield code="2">rdamedia</subfield></datafield><datafield ind1=" " ind2=" " tag="338"><subfield code="b">sd</subfield><subfield code="2">rdacarrier</subfield></datafield><datafield ind1=" " ind2=" " tag="500"><subfield code="a">Formation: orchestre symphonique</subfield></datafield><datafield ind1="0" ind2=" " tag="505"><subfield code="a">[Danzas fantasticas. Orchestre. Op. 22]</subfield></datafield><datafield ind1="0" ind2=" " tag="505"><subfield code="a">Albéniz, Isaac : [Iberia. Orchestre] ; Turina, Joaquín : [Danzas fantasticas. Orchestre. Op. 22]</subfield></datafield><datafield ind1="1" ind2=" " tag="700"><subfield code="a">Ansermet, Ernest</subfield><subfield code="d">1883-1969</subfield><subfield code="0">(IDREF)026687860</subfield></datafield><datafield ind1="2" ind2=" " tag="710"><subfield code="a">Orchestre de la Suisse Romande</subfield><subfield code="g">Genève</subfield><subfield code="0">(IDREF)05018959X</subfield></datafield><datafield ind1=" " ind2=" " tag="900"><subfield code="a">REROnoselfmerge</subfield></datafield></record>
</metadata></record>