<record><header><identifier>oai:alma.41SLSP_UGE:991000772329705502</identifier><datestamp>2023-03-01T01:10:02Z</datestamp><setSpec>uge_bcen_RapidILL_BOOK</setSpec><setSpec>uge_aaca_RapidILL_BOOK</setSpec><setSpec>uge_abels_RapidILL_BOOK</setSpec><setSpec>uge_dbu_RapidILL_BOOK</setSpec><setSpec>uge_cmu_RapidILL_BOOK</setSpec><setSpec>uge_mail_RapidILL_BOOK</setSpec><setSpec>UNIGE_ALL</setSpec><setSpec>uge_abbat_RapidILL_BOOK</setSpec><setSpec>uge_aobs_RapidILL_BOOK</setSpec><setSpec>uge_acar_RapidILL_BOOK</setSpec></header><metadata>
<record xmlns="http://www.loc.gov/MARC21/slim" xmlns:xsi="http://www.w3.org/2001/XMLSchema-instance" xsi:schemaLocation="http://www.loc.gov/MARC21/slim http://www.loc.gov/standards/marcxml/schema/MARC21slim.xsd"><leader>01208naa a2200277 c 4500</leader><controlfield tag="001">991000772329705502</controlfield><controlfield tag="005">20201225171355.0</controlfield><controlfield tag="008">961006s1930    sz ||||| |||| 00| ||ger d</controlfield><datafield ind1=" " ind2=" " tag="035"><subfield code="a">(swissbib)079722911-41slsp_network</subfield></datafield><datafield ind1=" " ind2=" " tag="035"><subfield code="a">079722911</subfield><subfield code="9">ExL</subfield></datafield><datafield ind1=" " ind2=" " tag="035"><subfield code="a">(RERO)0561015-41slsp</subfield></datafield><datafield ind1=" " ind2=" " tag="035"><subfield code="a">(EXLNZ-41SLSP_NETWORK)991133925819705501</subfield></datafield><datafield ind1=" " ind2=" " tag="040"><subfield code="a">RERO</subfield><subfield code="d">CH-ZuSLS</subfield></datafield><datafield ind1=" " ind2=" " tag="044"><subfield code="a">sz</subfield><subfield code="c">ch-bs</subfield></datafield><datafield ind1=" " ind2="7" tag="072"><subfield code="a">dr</subfield><subfield code="2">rero</subfield></datafield><datafield ind1=" " ind2=" " tag="084"><subfield code="a">CA/CH 75 i</subfield><subfield code="2">cjurrom</subfield></datafield><datafield ind1=" " ind2=" " tag="084"><subfield code="a">CA/CH 75 h</subfield><subfield code="2">cjurrom</subfield></datafield><datafield ind1="1" ind2=" " tag="100"><subfield code="a">Homberger, Arthur</subfield><subfield code="0">(RERO)A003381245</subfield><subfield code="4">aut</subfield></datafield><datafield ind1="1" ind2="0" tag="245"><subfield code="a">Haftpflicht ohne Verschulden</subfield><subfield code="c">Referat von A. Homberger</subfield></datafield><datafield ind1=" " ind2=" " tag="336"><subfield code="b">txt</subfield><subfield code="2">rdacontent</subfield></datafield><datafield ind1=" " ind2=" " tag="337"><subfield code="b">n</subfield><subfield code="2">rdamedia</subfield></datafield><datafield ind1=" " ind2=" " tag="338"><subfield code="b">nc</subfield><subfield code="2">rdacarrier</subfield></datafield><datafield ind1=" " ind2=" " tag="580"><subfield code="a">In: Verhandlungen des schweizerischen Juristenvereins. - Basel. - 1930, H. 1, S. 1a-64a</subfield></datafield><datafield ind1=" " ind2=" " tag="580"><subfield code="a">In: Zeitschrift für schweizerisches Recht. - Basel. - Bd. 49(1930), S. 1a-64a</subfield></datafield><datafield ind1="0" ind2=" " tag="773"><subfield code="t">Zeitschrift für schweizerisches Recht = Revue de droit suisse = Rivista di diritto svizzero</subfield><subfield code="g">1930/1a</subfield><subfield code="w">(RERO)0063074-41slsp</subfield></datafield><datafield ind1="0" ind2=" " tag="773"><subfield code="t">Verhandlungen des Schweizerischen Juristenvereins = Actes de la Société suisse des juristes = Atti della Società svizzera dei giuristi</subfield><subfield code="g">1930/1a</subfield><subfield code="g">yr:1930</subfield><subfield code="w">(RERO)0114747-41slsp</subfield></datafield><datafield ind1=" " ind2=" " tag="900"><subfield code="a">REROnoselfmerge</subfield></datafield></record>
</metadata></record>