<record><header><identifier>oai:alma.41SLSP_UGE:991000798179705502</identifier><datestamp>2023-03-01T01:10:03Z</datestamp><setSpec>uge_bcen_RapidILL_BOOK</setSpec><setSpec>uge_aaca_RapidILL_BOOK</setSpec><setSpec>uge_abels_RapidILL_BOOK</setSpec><setSpec>uge_dbu_RapidILL_BOOK</setSpec><setSpec>uge_cmu_RapidILL_BOOK</setSpec><setSpec>uge_mail_RapidILL_BOOK</setSpec><setSpec>UNIGE_ALL</setSpec><setSpec>uge_abbat_RapidILL_BOOK</setSpec><setSpec>uge_acar_RapidILL_BOOK</setSpec><setSpec>uge_aobs_RapidILL_BOOK</setSpec></header><metadata>
<record xmlns="http://www.loc.gov/MARC21/slim" xmlns:xsi="http://www.w3.org/2001/XMLSchema-instance" xsi:schemaLocation="http://www.loc.gov/MARC21/slim http://www.loc.gov/standards/marcxml/schema/MARC21slim.xsd"><leader>01692nam a2200397 c 4500</leader><controlfield tag="001">991000798179705502</controlfield><controlfield tag="005">20230205210317.0</controlfield><controlfield tag="008">201011s1989    it ||||| |||| 10| ||ita d</controlfield><datafield ind1=" " ind2=" " tag="020"><subfield code="a">8813165749</subfield></datafield><datafield ind1=" " ind2=" " tag="035"><subfield code="a">(swissbib)223872571-41slsp_network</subfield></datafield><datafield ind1=" " ind2=" " tag="035"><subfield code="a">223872571</subfield><subfield code="9">ExL</subfield></datafield><datafield ind1=" " ind2=" " tag="035"><subfield code="a">(RERO)1168275-41slsp</subfield></datafield><datafield ind1=" " ind2=" " tag="035"><subfield code="a">(NEBIS)001803241EBI01</subfield></datafield><datafield ind1=" " ind2=" " tag="035"><subfield code="a">(EXLNZ-41SLSP_NETWORK)991153383919705501</subfield></datafield><datafield ind1=" " ind2=" " tag="040"><subfield code="a">RERO neubfd</subfield><subfield code="d">CH-ZuSLS</subfield></datafield><datafield ind1=" " ind2="7" tag="072"><subfield code="a">dr</subfield><subfield code="2">rero</subfield></datafield><datafield ind1=" " ind2=" " tag="084"><subfield code="a">CA/I 98 e</subfield><subfield code="2">cjurrom</subfield></datafield><datafield ind1="0" ind2="0" tag="245"><subfield code="a">&lt;&lt;Un&gt;&gt; nuovo Codice per una nuova giustizia</subfield><subfield code="b">atti del Convegno, Venezia, 7-9 ottobre 1988</subfield><subfield code="c">a cura di Ennio Fortuna e Antonio Padoan ; [organizzato da: Regione Veneto, Unione delle camere penali italiane, Camera penale veneziana]</subfield></datafield><datafield ind1="1" ind2="0" tag="246"><subfield code="a">&lt;&lt;Un&gt;&gt; Nuovo Codice per una Nuova Giustizia</subfield></datafield><datafield ind1=" " ind2="1" tag="264"><subfield code="a">Padova</subfield><subfield code="b">CEDAM</subfield><subfield code="c">1989</subfield></datafield><datafield ind1=" " ind2=" " tag="300"><subfield code="a">VIII, 464 p.</subfield><subfield code="c">24 cm</subfield></datafield><datafield ind1=" " ind2=" " tag="336"><subfield code="b">txt</subfield><subfield code="2">rdacontent</subfield></datafield><datafield ind1=" " ind2=" " tag="337"><subfield code="b">n</subfield><subfield code="2">rdamedia</subfield></datafield><datafield ind1=" " ind2=" " tag="338"><subfield code="b">nc</subfield><subfield code="2">rdacarrier</subfield></datafield><datafield ind1="0" ind2=" " tag="505"><subfield code="a">Enthält im Anhang: Nuovo codice di procedura penale</subfield></datafield><datafield ind1=" " ind2="7" tag="650"><subfield code="a">Procédure pénale</subfield><subfield code="0">(IDREF)050575392</subfield><subfield code="2">idref</subfield></datafield><datafield ind1=" " ind2="7" tag="651"><subfield code="a">Italie</subfield><subfield code="0">(IDREF)027235408</subfield><subfield code="2">idref</subfield></datafield><datafield ind1=" " ind2="7" tag="655"><subfield code="a">Actes de congrès</subfield><subfield code="0">(IDREF)02886431X</subfield><subfield code="2">idref</subfield></datafield><datafield ind1=" " ind2="7" tag="655"><subfield code="a">Konferenzschrift</subfield><subfield code="z">Venezia</subfield><subfield code="y">1988</subfield><subfield code="2">gnd-content</subfield></datafield><datafield ind1="1" ind2=" " tag="700"><subfield code="a">Padoan, Antonio</subfield><subfield code="0">(IDREF)059913800</subfield></datafield><datafield ind1="1" ind2=" " tag="700"><subfield code="a">Fortuna, Ennio</subfield><subfield code="0">(IDREF)177969288</subfield></datafield><datafield ind1="2" ind2=" " tag="710"><subfield code="a">Veneto</subfield><subfield code="b">Convegno</subfield><subfield code="d">1988</subfield><subfield code="c">Venezia</subfield><subfield code="0">(RERO)A012315597</subfield></datafield><datafield ind1="2" ind2=" " tag="710"><subfield code="a">Unione delle camere penali italiane</subfield><subfield code="b">Convegno</subfield><subfield code="d">1988</subfield><subfield code="c">Venezia</subfield><subfield code="0">(RERO)A012315598</subfield></datafield><datafield ind1="2" ind2=" " tag="710"><subfield code="a">Camera penale veneziana</subfield><subfield code="b">Convegno</subfield><subfield code="d">1988</subfield><subfield code="c">Venezia</subfield><subfield code="0">(RERO)A012315599</subfield></datafield><datafield ind1="2" ind2=" " tag="711"><subfield code="a">Convegno Un Nuovo Codice per una Nuova Giustizia</subfield><subfield code="0">(DE-588)1092045538</subfield></datafield><datafield ind1=" " ind2=" " tag="900"><subfield code="a">REROnoselfmerge</subfield></datafield><datafield ind1=" " ind2=" " tag="900"><subfield code="a">IDSZ2rwimon200807l</subfield><subfield code="c">IDSZ2biss</subfield></datafield></record>
</metadata></record>