<record><header><identifier>oai:alma.41SLSP_UGE:991000798079705502</identifier><datestamp>2023-03-01T01:10:03Z</datestamp><setSpec>uge_bcen_RapidILL_BOOK</setSpec><setSpec>uge_aaca_RapidILL_BOOK</setSpec><setSpec>uge_abels_RapidILL_BOOK</setSpec><setSpec>uge_dbu_RapidILL_BOOK</setSpec><setSpec>uge_cmu_RapidILL_BOOK</setSpec><setSpec>uge_mail_RapidILL_BOOK</setSpec><setSpec>UNIGE_ALL</setSpec><setSpec>uge_abbat_RapidILL_BOOK</setSpec><setSpec>uge_aobs_RapidILL_BOOK</setSpec><setSpec>uge_acar_RapidILL_BOOK</setSpec></header><metadata>
<record xmlns="http://www.loc.gov/MARC21/slim" xmlns:xsi="http://www.w3.org/2001/XMLSchema-instance" xsi:schemaLocation="http://www.loc.gov/MARC21/slim http://www.loc.gov/standards/marcxml/schema/MARC21slim.xsd"><leader>01924nam a2200517 c 4500</leader><controlfield tag="001">991000798079705502</controlfield><controlfield tag="005">20220920092031.0</controlfield><controlfield tag="008">201011s1982    gw ||||| |||| 00| ||ger d</controlfield><datafield ind1=" " ind2=" " tag="020"><subfield code="a">353407887X</subfield></datafield><datafield ind1=" " ind2=" " tag="035"><subfield code="a">(swissbib)230970370-41slsp_network</subfield></datafield><datafield ind1=" " ind2=" " tag="035"><subfield code="a">230970370</subfield><subfield code="9">ExL</subfield></datafield><datafield ind1=" " ind2=" " tag="035"><subfield code="a">(RERO)0444423-41slsp</subfield></datafield><datafield ind1=" " ind2=" " tag="035"><subfield code="a">(NEBIS)006003097EBI01</subfield></datafield><datafield ind1=" " ind2=" " tag="035"><subfield code="a">(IDSBB)000112533DSV01</subfield></datafield><datafield ind1=" " ind2=" " tag="035"><subfield code="a">(IDSLU)000672477ILU01</subfield></datafield><datafield ind1=" " ind2=" " tag="035"><subfield code="a">(EXLNZ-41SLSP_NETWORK)991058161609705501</subfield></datafield><datafield ind1=" " ind2=" " tag="040"><subfield code="a">RERO</subfield><subfield code="d">CH-ZuSLS</subfield></datafield><datafield ind1=" " ind2="7" tag="072"><subfield code="a">hm</subfield><subfield code="2">rero</subfield></datafield><datafield ind1=" " ind2="7" tag="072"><subfield code="a">ng</subfield><subfield code="2">SzZuIDS BS/BE</subfield></datafield><datafield ind1="0" ind2="0" tag="082"><subfield code="a">943/.025/0924</subfield><subfield code="2">19</subfield></datafield><datafield ind1="1" ind2="4" tag="082"><subfield code="a">900</subfield><subfield code="2">15</subfield></datafield><datafield ind1=" " ind2=" " tag="084"><subfield code="a">BO 4810</subfield><subfield code="2">rvk</subfield></datafield><datafield ind1=" " ind2=" " tag="084"><subfield code="a">NM 7140</subfield><subfield code="2">rvk</subfield></datafield><datafield ind1="0" ind2="0" tag="245"><subfield code="a">Stupor Mundi</subfield><subfield code="b">zur Geschichte Friedrichs II. von Hohenstaufen</subfield><subfield code="c">hrsg. von Gunther Wolf</subfield></datafield><datafield ind1=" " ind2=" " tag="250"><subfield code="a">[2., völlig neubearb. Aufl.]</subfield></datafield><datafield ind1=" " ind2="1" tag="264"><subfield code="a">Darmstadt</subfield><subfield code="b">Wissenschaftliche Buchgesellschaft</subfield><subfield code="c">1982</subfield></datafield><datafield ind1=" " ind2=" " tag="300"><subfield code="a">VI, 557 p.</subfield><subfield code="c">20 cm</subfield></datafield><datafield ind1=" " ind2=" " tag="336"><subfield code="b">txt</subfield><subfield code="2">rdacontent</subfield></datafield><datafield ind1=" " ind2=" " tag="337"><subfield code="b">n</subfield><subfield code="2">rdamedia</subfield></datafield><datafield ind1=" " ind2=" " tag="338"><subfield code="b">nc</subfield><subfield code="2">rdacarrier</subfield></datafield><datafield ind1="1" ind2=" " tag="490"><subfield code="a">Wege der Forschung</subfield><subfield code="v">Bd. 101</subfield></datafield><datafield ind1="0" ind2="7" tag="600"><subfield code="a">Frédéric</subfield><subfield code="b">II</subfield><subfield code="c">empereur germanique</subfield><subfield code="d">1194-1250</subfield><subfield code="0">(IDREF)085722243</subfield><subfield code="2">idref</subfield></datafield><datafield ind1="0" ind2="7" tag="600"><subfield code="a">Friedrich</subfield><subfield code="b">II.</subfield><subfield code="c">Heiliges Römisches Reich, Kaiser</subfield><subfield code="d">1194-1250</subfield><subfield code="0">(DE-588)118535765</subfield><subfield code="2">gnd</subfield></datafield><datafield ind1="0" ind2="0" tag="600"><subfield code="a">Frederick</subfield><subfield code="b">II</subfield><subfield code="c">Holy Roman Emperor</subfield><subfield code="d">1194-1250</subfield></datafield><datafield ind1="0" ind2="7" tag="600"><subfield code="a">Friedrich</subfield><subfield code="b">2</subfield><subfield code="c">Deutsches Reich, Kaiser</subfield><subfield code="2">idsbb</subfield></datafield><datafield ind1=" " ind2="0" tag="651"><subfield code="a">Germany</subfield><subfield code="x">History</subfield><subfield code="y">Frederick II, 1215-1250</subfield></datafield><datafield ind1=" " ind2="7" tag="655"><subfield code="a">[Études diverses]</subfield><subfield code="0">(RERO)A022249905</subfield><subfield code="2">rero</subfield></datafield><datafield ind1=" " ind2="7" tag="655"><subfield code="a">Aufsatzsammlung</subfield><subfield code="2">gnd-content</subfield></datafield><datafield ind1="1" ind2=" " tag="700"><subfield code="a">Wolf, Gunther G.</subfield><subfield code="d">1930-</subfield><subfield code="0">(DE-588)114891710</subfield></datafield><datafield ind1="1" ind2=" " tag="700"><subfield code="a">Wolf, Gunther G.</subfield></datafield><datafield ind1="1" ind2=" " tag="700"><subfield code="a">Wolf, Gunther</subfield><subfield code="d">1930-....</subfield><subfield code="0">(IDREF)077003934</subfield></datafield><datafield ind1=" " ind2=" " tag="830"><subfield code="a">Wege der Forschung</subfield><subfield code="v">101</subfield><subfield code="w">(RERO)0005017-41slsp</subfield></datafield><datafield ind1=" " ind2=" " tag="830"><subfield code="a">Wege der Forschung</subfield><subfield code="v">101/2</subfield><subfield code="w">(IDSBB)000006852DSV01</subfield></datafield><datafield ind1=" " ind2=" " tag="830"><subfield code="a">Wege der Forschung</subfield><subfield code="v">101</subfield><subfield code="w">(IDSLU)000204019ILU01</subfield></datafield><datafield ind1=" " ind2=" " tag="900"><subfield code="a">REROnoselfmerge</subfield></datafield><datafield ind1=" " ind2=" " tag="900"><subfield code="a">IDSZ2rwimon201003i</subfield><subfield code="c">IDSZ2paru 100311</subfield></datafield><datafield ind1=" " ind2=" " tag="900"><subfield code="a">IDSZRMedeaZBZ</subfield><subfield code="b">IDSZRSWK</subfield></datafield></record>
</metadata></record>