<record><header><identifier>oai:alma.41SLSP_UGE:991000797349705502</identifier><datestamp>2023-04-11T00:13:31Z</datestamp><setSpec>uge_bcen_RapidILL_BOOK</setSpec><setSpec>uge_aaca_RapidILL_BOOK</setSpec><setSpec>uge_abels_RapidILL_BOOK</setSpec><setSpec>uge_dbu_RapidILL_BOOK</setSpec><setSpec>uge_cmu_RapidILL_BOOK</setSpec><setSpec>uge_mail_RapidILL_BOOK</setSpec><setSpec>uge_abbat_RapidILL_BOOK</setSpec><setSpec>UNIGE_ALL</setSpec><setSpec>uge_acar_RapidILL_BOOK</setSpec><setSpec>uge_aobs_RapidILL_BOOK</setSpec></header><metadata>
<record xmlns="http://www.loc.gov/MARC21/slim" xmlns:xsi="http://www.w3.org/2001/XMLSchema-instance" xsi:schemaLocation="http://www.loc.gov/MARC21/slim http://www.loc.gov/standards/marcxml/schema/MARC21slim.xsd"><leader>01379nam a2200349 c 4500</leader><controlfield tag="001">991000797349705502</controlfield><controlfield tag="005">20230410183428.0</controlfield><controlfield tag="008">201011t19521952xxu||||| |||| 00| ||eng d</controlfield><datafield ind1=" " ind2=" " tag="010"><subfield code="a">52010828</subfield></datafield><datafield ind1=" " ind2=" " tag="035"><subfield code="a">(swissbib)229202977-41slsp_network</subfield></datafield><datafield ind1=" " ind2=" " tag="035"><subfield code="a">229202977</subfield><subfield code="9">ExL</subfield></datafield><datafield ind1=" " ind2=" " tag="035"><subfield code="a">(RERO)R279826960-41slsp</subfield></datafield><datafield ind1=" " ind2=" " tag="035"><subfield code="a">(NEBIS)000902765EBI01</subfield></datafield><datafield ind1=" " ind2=" " tag="035"><subfield code="a">(EXLNZ-41SLSP_NETWORK)991084024859705501</subfield></datafield><datafield ind1=" " ind2=" " tag="040"><subfield code="a">RERO lausst</subfield><subfield code="d">CH-ZuSLS</subfield></datafield><datafield ind1=" " ind2="7" tag="072"><subfield code="a">st</subfield><subfield code="2">rero</subfield></datafield><datafield ind1="1" ind2=" " tag="100"><subfield code="a">Dix, Charles Hewitt</subfield><subfield code="d">1905-....</subfield><subfield code="0">(IDREF)085137316</subfield><subfield code="4">cre</subfield></datafield><datafield ind1="1" ind2="0" tag="245"><subfield code="a">Seismic prospecting for oil</subfield><subfield code="c">by C. Hewitt Dix</subfield></datafield><datafield ind1=" " ind2="1" tag="264"><subfield code="a">New York</subfield><subfield code="b">Harper</subfield><subfield code="c">[1952]</subfield></datafield><datafield ind1=" " ind2="4" tag="264"><subfield code="c">©1952</subfield></datafield><datafield ind1=" " ind2=" " tag="300"><subfield code="a">XX, 414 S.</subfield><subfield code="c">21 cm</subfield><subfield code="b">Ill.</subfield></datafield><datafield ind1=" " ind2=" " tag="336"><subfield code="b">txt</subfield><subfield code="2">rdacontent</subfield></datafield><datafield ind1=" " ind2=" " tag="337"><subfield code="b">n</subfield><subfield code="2">rdamedia</subfield></datafield><datafield ind1=" " ind2=" " tag="338"><subfield code="b">nc</subfield><subfield code="2">rdacarrier</subfield></datafield><datafield ind1="1" ind2=" " tag="490"><subfield code="a">Harper's geoscience series</subfield></datafield><datafield ind1=" " ind2="7" tag="650"><subfield code="a">Pétrole</subfield><subfield code="0">(IDREF)027792641</subfield><subfield code="2">idref</subfield></datafield><datafield ind1=" " ind2="7" tag="650"><subfield code="a">Prospection sismique</subfield><subfield code="0">(IDREF)027241424</subfield><subfield code="2">idref</subfield></datafield><datafield ind1=" " ind2="7" tag="650"><subfield code="a">ERDÖLLAGERSTÄTTENABBAU UND ERDÖLGEWINNUNG (BERGBAU)</subfield><subfield code="9">ger</subfield><subfield code="0">(ETHUDK)000029455</subfield><subfield code="2">ethudk</subfield></datafield><datafield ind1=" " ind2="7" tag="650"><subfield code="a">SEISMISCHE PROSPEKTION + AKUSTISCHE PROSPEKTION (ANGEWANDTE GEOLOGIE UND GEOPHYSIK)</subfield><subfield code="9">ger</subfield><subfield code="0">(ETHUDK)000019970</subfield><subfield code="2">ethudk</subfield></datafield><datafield ind1=" " ind2="7" tag="650"><subfield code="a">SEISMISCHE WELLEN/FORTPFLANZUNG (GEOPHYSIK)</subfield><subfield code="9">ger</subfield><subfield code="0">(ETHUDK)000038887</subfield><subfield code="2">ethudk</subfield></datafield><datafield ind1=" " ind2="7" tag="655"><subfield code="a">Manuels d'enseignement</subfield><subfield code="0">(IDREF)027446514</subfield><subfield code="2">idref</subfield></datafield><datafield ind1=" " ind2=" " tag="830"><subfield code="a">Harper's geoscience series</subfield><subfield code="w">(RERO)0471060-41slsp</subfield></datafield><datafield ind1=" " ind2=" " tag="900"><subfield code="a">REROnoselfmerge</subfield></datafield></record>
</metadata></record>