<record><header><identifier>oai:alma.41SLSP_UGE:991000797249705502</identifier><datestamp>2023-03-01T01:10:03Z</datestamp><setSpec>UNIGE_ALL</setSpec></header><metadata>
<record xmlns="http://www.loc.gov/MARC21/slim" xmlns:xsi="http://www.w3.org/2001/XMLSchema-instance" xsi:schemaLocation="http://www.loc.gov/MARC21/slim http://www.loc.gov/standards/marcxml/schema/MARC21slim.xsd"><leader>01308njm a2200301 c 4500</leader><controlfield tag="001">991000797249705502</controlfield><controlfield tag="005">20201126053537.0</controlfield><controlfield tag="007">sd f||g|||||||</controlfield><controlfield tag="008">070327s2006    fr ||n |            ita d</controlfield><datafield ind1="0" ind2="2" tag="028"><subfield code="a">AECD 0643</subfield></datafield><datafield ind1=" " ind2=" " tag="035"><subfield code="a">(swissbib)104984325-41slsp_network</subfield></datafield><datafield ind1=" " ind2=" " tag="035"><subfield code="a">104984325</subfield><subfield code="9">ExL</subfield></datafield><datafield ind1=" " ind2=" " tag="035"><subfield code="a">(RERO)R004367076-41slsp</subfield></datafield><datafield ind1=" " ind2=" " tag="035"><subfield code="a">(EXLNZ-41SLSP_NETWORK)991110193219705501</subfield></datafield><datafield ind1=" " ind2=" " tag="040"><subfield code="a">RERO geulmu</subfield><subfield code="d">CH-ZuSLS</subfield></datafield><datafield ind1=" " ind2="7" tag="072"><subfield code="a">mu</subfield><subfield code="2">rero</subfield></datafield><datafield ind1="1" ind2=" " tag="100"><subfield code="a">Strozzi, Barbara</subfield><subfield code="0">(RERO)A003871119</subfield><subfield code="4">cre</subfield></datafield><datafield ind1="1" ind2="0" tag="245"><subfield code="a">Barbara Strozzi (1619-1677)</subfield></datafield><datafield ind1=" " ind2="1" tag="264"><subfield code="a">Paris</subfield><subfield code="b">Aeon</subfield><subfield code="c">2006</subfield></datafield><datafield ind1=" " ind2=" " tag="300"><subfield code="a">1 disque compact</subfield><subfield code="e">1 livret (29 p.)</subfield></datafield><datafield ind1=" " ind2=" " tag="336"><subfield code="b">prm</subfield><subfield code="2">rdacontent</subfield></datafield><datafield ind1=" " ind2=" " tag="337"><subfield code="b">s</subfield><subfield code="2">rdamedia</subfield></datafield><datafield ind1=" " ind2=" " tag="338"><subfield code="b">sd</subfield><subfield code="2">rdacarrier</subfield></datafield><datafield ind1="0" ind2=" " tag="505"><subfield code="a">Serenata con violini (Sinfonia) op. 8 ; &quot;Lagrime mie&quot; (Lamento) op. 7 ; &quot;Finche tu spiri&quot; (Cantata) op. 7 ; &quot;Bel desio che mi tormenti&quot; op. 6 ; Il lamento &quot;Sul Rodano severo&quot; op. 2 ; Costume de grandi &quot;Godere e lasciare&quot; op. 2 ; L'Eraclito amoroso &quot;Udite udite amante&quot; op. 2 ; &quot;Mentita&quot; (version instrumentale) op. 6 ; &quot;Apresso ai molli argenti&quot; (Lamento) op. 7 / Barbara Strozzi</subfield></datafield><datafield ind1="0" ind2=" " tag="505"><subfield code="a">Sonata per due violini op. 22 ; Sinfonia sesto tuono op. 22 / Biagio Marini</subfield></datafield><datafield ind1="0" ind2=" " tag="511"><subfield code="a">Ensemble Poïesis</subfield></datafield><datafield ind1="1" ind2=" " tag="700"><subfield code="a">Marini, Biagio</subfield><subfield code="0">(RERO)A003562261</subfield></datafield><datafield ind1="2" ind2=" " tag="710"><subfield code="a">Ensemble Poïesis</subfield><subfield code="0">(IDREF)085648698</subfield></datafield><datafield ind1=" " ind2=" " tag="900"><subfield code="a">REROnoselfmerge</subfield></datafield></record>
</metadata></record>