<record><header><identifier>oai:alma.41SLSP_UGE:991000798189705502</identifier><datestamp>2023-03-06T01:09:57Z</datestamp><setSpec>uge_bcen_RapidILL_BOOK</setSpec><setSpec>uge_aaca_RapidILL_BOOK</setSpec><setSpec>uge_abels_RapidILL_BOOK</setSpec><setSpec>uge_dbu_RapidILL_BOOK</setSpec><setSpec>uge_cmu_RapidILL_BOOK</setSpec><setSpec>uge_mail_RapidILL_BOOK</setSpec><setSpec>uge_abbat_RapidILL_BOOK</setSpec><setSpec>UNIGE_ALL</setSpec><setSpec>uge_aobs_RapidILL_BOOK</setSpec><setSpec>uge_acar_RapidILL_BOOK</setSpec></header><metadata>
<record xmlns="http://www.loc.gov/MARC21/slim" xmlns:xsi="http://www.w3.org/2001/XMLSchema-instance" xsi:schemaLocation="http://www.loc.gov/MARC21/slim http://www.loc.gov/standards/marcxml/schema/MARC21slim.xsd"><leader>00987naa a2200241 c 4500</leader><controlfield tag="001">991000798189705502</controlfield><controlfield tag="005">20230305091105.0</controlfield><controlfield tag="008">120911s1986    xxu||||| |||| 00| ||eng d</controlfield><datafield ind1=" " ind2=" " tag="035"><subfield code="a">(swissbib)116382902-41slsp_network</subfield></datafield><datafield ind1=" " ind2=" " tag="035"><subfield code="a">116382902</subfield><subfield code="9">ExL</subfield></datafield><datafield ind1=" " ind2=" " tag="035"><subfield code="a">(RERO)R007138773-41slsp</subfield></datafield><datafield ind1=" " ind2=" " tag="035"><subfield code="a">(EXLNZ-41SLSP_NETWORK)991147425469705501</subfield></datafield><datafield ind1=" " ind2=" " tag="040"><subfield code="a">RERO geuchr</subfield><subfield code="d">CH-ZuSLS</subfield></datafield><datafield ind1=" " ind2="7" tag="072"><subfield code="a">th</subfield><subfield code="2">rero</subfield></datafield><datafield ind1="1" ind2=" " tag="100"><subfield code="a">De Ridder, Richard R.</subfield><subfield code="0">(RERO)A011519463</subfield><subfield code="4">cre</subfield></datafield><datafield ind1="1" ind2="0" tag="245"><subfield code="a">John Calvin's view on discipline</subfield><subfield code="b">a comparison of the &quot;Institution&quot; of 1536 and the &quot;Institutes&quot; of 1559</subfield><subfield code="c">by Richard R. De Ridder</subfield></datafield><datafield ind1=" " ind2=" " tag="336"><subfield code="b">txt</subfield><subfield code="2">rdacontent</subfield></datafield><datafield ind1=" " ind2=" " tag="337"><subfield code="b">n</subfield><subfield code="2">rdamedia</subfield></datafield><datafield ind1=" " ind2=" " tag="338"><subfield code="b">nc</subfield><subfield code="2">rdacarrier</subfield></datafield><datafield ind1=" " ind2=" " tag="580"><subfield code="a">In: Calvin theological journal. - Grand Rapids/Mich. - 21(1986), p. 223-230</subfield></datafield><datafield ind1="1" ind2="7" tag="600"><subfield code="a">Calvin, Jean</subfield><subfield code="d">1509-1564</subfield><subfield code="t">Institution de la religion chrétienne</subfield><subfield code="0">(IDREF)027632199</subfield><subfield code="2">idref</subfield></datafield><datafield ind1=" " ind2="7" tag="650"><subfield code="a">Discipline</subfield><subfield code="0">(IDREF)027793893</subfield><subfield code="2">idref</subfield></datafield><datafield ind1="0" ind2=" " tag="773"><subfield code="t">Calvin theological journal</subfield><subfield code="g">1986/223</subfield><subfield code="g">yr:1986</subfield><subfield code="w">(RERO)0277314-41slsp</subfield></datafield><datafield ind1=" " ind2=" " tag="900"><subfield code="a">REROnoselfmerge</subfield></datafield><datafield ind1=" " ind2=" " tag="993"><subfield code="a">MHR Ac 38/7</subfield><subfield code="x">ge/mhr-/7850</subfield><subfield code="9">LOCAL</subfield></datafield></record>
</metadata></record>