<record><header><identifier>oai:alma.41SLSP_UGE:991000797549705502</identifier><datestamp>2023-03-01T01:10:03Z</datestamp><setSpec>uge_bcen_RapidILL_BOOK</setSpec><setSpec>uge_aaca_RapidILL_BOOK</setSpec><setSpec>uge_abels_RapidILL_BOOK</setSpec><setSpec>uge_dbu_RapidILL_BOOK</setSpec><setSpec>uge_cmu_RapidILL_BOOK</setSpec><setSpec>uge_mail_RapidILL_BOOK</setSpec><setSpec>UNIGE_ALL</setSpec><setSpec>uge_abbat_RapidILL_BOOK</setSpec><setSpec>uge_aobs_RapidILL_BOOK</setSpec><setSpec>uge_acar_RapidILL_BOOK</setSpec></header><metadata>
<record xmlns="http://www.loc.gov/MARC21/slim" xmlns:xsi="http://www.w3.org/2001/XMLSchema-instance" xsi:schemaLocation="http://www.loc.gov/MARC21/slim http://www.loc.gov/standards/marcxml/schema/MARC21slim.xsd"><leader>01489nam a2200301 c 4500</leader><controlfield tag="001">991000797549705502</controlfield><controlfield tag="005">20201126045146.0</controlfield><controlfield tag="008">060816m19491954uy ||||| |||| 00| ||spa d</controlfield><datafield ind1=" " ind2=" " tag="035"><subfield code="a">(swissbib)103952160-41slsp_network</subfield></datafield><datafield ind1=" " ind2=" " tag="035"><subfield code="a">103952160</subfield><subfield code="9">ExL</subfield></datafield><datafield ind1=" " ind2=" " tag="035"><subfield code="a">(RERO)R004181548-41slsp</subfield></datafield><datafield ind1=" " ind2=" " tag="035"><subfield code="a">(EXLNZ-41SLSP_NETWORK)991053036259705501</subfield></datafield><datafield ind1=" " ind2=" " tag="040"><subfield code="a">RERO geubfd</subfield><subfield code="d">CH-ZuSLS</subfield></datafield><datafield ind1=" " ind2="7" tag="072"><subfield code="a">dr</subfield><subfield code="2">rero</subfield></datafield><datafield ind1=" " ind2=" " tag="084"><subfield code="a">CC/U 63 b</subfield><subfield code="2">cjurrom</subfield></datafield><datafield ind1="0" ind2="0" tag="245"><subfield code="a">Código civil anotado</subfield><subfield code="c">por Orestes Araújo ... [et al.]</subfield></datafield><datafield ind1=" " ind2="1" tag="264"><subfield code="a">Montevido</subfield><subfield code="b">[éditeur non identifié]</subfield><subfield code="c">1949-1954</subfield></datafield><datafield ind1=" " ind2=" " tag="300"><subfield code="a">4 vol.</subfield></datafield><datafield ind1=" " ind2=" " tag="336"><subfield code="b">txt</subfield><subfield code="2">rdacontent</subfield></datafield><datafield ind1=" " ind2=" " tag="337"><subfield code="b">n</subfield><subfield code="2">rdamedia</subfield></datafield><datafield ind1=" " ind2=" " tag="338"><subfield code="b">nc</subfield><subfield code="2">rdacarrier</subfield></datafield><datafield ind1="1" ind2=" " tag="490"><subfield code="a">Biblioteca de Publicaciones Oficiales de la Facultad de Derecho y Ciencias Sociales de la Universidad de Montevideo. Sección 3</subfield><subfield code="v">49</subfield></datafield><datafield ind1="0" ind2=" " tag="505"><subfield code="a">T. 1: Titulo preliminar de las leyes, libro 1 de las personas, art. 1 a 459</subfield></datafield><datafield ind1="0" ind2=" " tag="505"><subfield code="a">T. 2: Libro 2 de los bienes y del dominio o propiedad, libro 3 de los modos de adquirir el dominio, art. 460 a 1244</subfield></datafield><datafield ind1="0" ind2=" " tag="505"><subfield code="a">T. 3 : Libro cuarto de las obligaciones, primera parte de las obligaciones en general, art. 1245 a 1612</subfield></datafield><datafield ind1="0" ind2=" " tag="505"><subfield code="a">T. 4: Libro cuarto de las obligaciones, segunda parte de las obligaciones que nacen de los contratos, art. 1613 a 2405</subfield></datafield><datafield ind1="1" ind2=" " tag="700"><subfield code="a">Araújo, Orestes</subfield><subfield code="0">(RERO)A002935299</subfield></datafield><datafield ind1=" " ind2=" " tag="830"><subfield code="a">Biblioteca de Publicaciones Oficiales de la Facultad de Derecho y Ciencias Sociales de la Universidad de la República</subfield><subfield code="p">Sección 3</subfield><subfield code="v">49</subfield><subfield code="w">(RERO)0435726-41slsp</subfield></datafield><datafield ind1=" " ind2=" " tag="900"><subfield code="a">REROnoselfmerge</subfield></datafield></record>
</metadata></record>