<record><header><identifier>oai:alma.41SLSP_UGE:991000798069705502</identifier><datestamp>2024-03-09T01:32:11Z</datestamp><setSpec>uge_bcen_RapidILL_BOOK</setSpec><setSpec>uge_aaca_RapidILL_BOOK</setSpec><setSpec>uge_abels_RapidILL_BOOK</setSpec><setSpec>uge_dbu_RapidILL_BOOK</setSpec><setSpec>uge_cmu_RapidILL_BOOK</setSpec><setSpec>uge_mail_RapidILL_BOOK</setSpec><setSpec>uge_abbat_RapidILL_BOOK</setSpec><setSpec>UNIGE_ALL</setSpec><setSpec>uge_acar_RapidILL_BOOK</setSpec><setSpec>uge_aobs_RapidILL_BOOK</setSpec></header><metadata>
<record xmlns="http://www.loc.gov/MARC21/slim" xmlns:xsi="http://www.w3.org/2001/XMLSchema-instance" xsi:schemaLocation="http://www.loc.gov/MARC21/slim http://www.loc.gov/standards/marcxml/schema/MARC21slim.xsd"><leader>02156nam a2200541 c 4500</leader><controlfield tag="001">991000798069705502</controlfield><controlfield tag="005">20240308053415.0</controlfield><controlfield tag="008">201012s1887    gw ||||| |||| 00| ||ger d</controlfield><datafield ind1=" " ind2=" " tag="035"><subfield code="a">(swissbib)23785113X-41slsp_network</subfield></datafield><datafield ind1=" " ind2=" " tag="035"><subfield code="a">23785113X</subfield><subfield code="9">ExL</subfield></datafield><datafield ind1=" " ind2=" " tag="035"><subfield code="a">(RERO)R003101928-41slsp</subfield></datafield><datafield ind1=" " ind2=" " tag="035"><subfield code="a">(IDSBB)002586100DSV01</subfield></datafield><datafield ind1=" " ind2=" " tag="035"><subfield code="a">(IDSLU)000796044ILU01</subfield></datafield><datafield ind1=" " ind2=" " tag="035"><subfield code="a">(ABN)000478575ABN01</subfield></datafield><datafield ind1=" " ind2=" " tag="035"><subfield code="a">(EXLNZ-41SLSP_NETWORK)991103478539705501</subfield></datafield><datafield ind1=" " ind2=" " tag="040"><subfield code="a">RERO geulal</subfield><subfield code="d">CH-ZuSLS</subfield></datafield><datafield ind1=" " ind2="7" tag="072"><subfield code="a">al</subfield><subfield code="2">rero</subfield></datafield><datafield ind1=" " ind2="7" tag="072"><subfield code="a">vk</subfield><subfield code="2">SzZuIDS BS/BE</subfield></datafield><datafield ind1=" " ind2="7" tag="072"><subfield code="a">nd</subfield><subfield code="2">SzZuIDS BS/BE</subfield></datafield><datafield ind1="1" ind2="4" tag="082"><subfield code="a">390</subfield><subfield code="2">15</subfield></datafield><datafield ind1="1" ind2="4" tag="082"><subfield code="a">830</subfield><subfield code="2">15</subfield></datafield><datafield ind1="0" ind2="0" tag="245"><subfield code="a">Volksbücher des 16. Jahrhunderts</subfield><subfield code="b">Eulenspiegel, Faust, Schildbürger : (mit Beilagen aus Sprichwörtersammlungen und Chroniken)</subfield><subfield code="c">hrsg. und erklärt von Felix Bobertag</subfield></datafield><datafield ind1=" " ind2="1" tag="264"><subfield code="a">Berlin [etc.]</subfield><subfield code="b">W. Spemann</subfield><subfield code="c">[1887]</subfield></datafield><datafield ind1=" " ind2=" " tag="300"><subfield code="a">IV, 451 p.</subfield><subfield code="b">ill.</subfield><subfield code="c">20 cm</subfield></datafield><datafield ind1=" " ind2=" " tag="336"><subfield code="b">txt</subfield><subfield code="2">rdacontent</subfield></datafield><datafield ind1=" " ind2=" " tag="337"><subfield code="b">n</subfield><subfield code="2">rdamedia</subfield></datafield><datafield ind1=" " ind2=" " tag="338"><subfield code="b">nc</subfield><subfield code="2">rdacarrier</subfield></datafield><datafield ind1="1" ind2=" " tag="490"><subfield code="a">Deutsche National-Litteratur</subfield><subfield code="v">Bd. 25</subfield></datafield><datafield ind1="0" ind2="0" tag="505"><subfield code="t">Eulenspiegel</subfield><subfield code="t">Faust</subfield><subfield code="t">Schildbürger</subfield></datafield><datafield ind1="0" ind2="7" tag="630"><subfield code="a">Till Eulenspiegel</subfield><subfield code="0">(RERO)A010158644</subfield><subfield code="2">rero</subfield></datafield><datafield ind1="0" ind2="7" tag="630"><subfield code="a">Faust (oeuvre anonyme)</subfield><subfield code="0">(RERO)A010082216</subfield><subfield code="2">rero</subfield></datafield><datafield ind1="0" ind2="7" tag="630"><subfield code="a">Lalebuch</subfield><subfield code="0">(IDREF)030404959</subfield><subfield code="2">idref</subfield></datafield><datafield ind1=" " ind2="7" tag="650"><subfield code="a">Volksbuch</subfield><subfield code="z">frühneuhochdeutsches</subfield><subfield code="v">Text</subfield><subfield code="2">idsbb</subfield></datafield><datafield ind1=" " ind2="7" tag="650"><subfield code="a">Historia von Doctor Johann Fausten</subfield><subfield code="v">Text</subfield><subfield code="2">idsbb</subfield></datafield><datafield ind1=" " ind2="7" tag="650"><subfield code="a">Till Eulenspiegel (Volksbuch)</subfield><subfield code="v">Text</subfield><subfield code="2">idsbb</subfield></datafield><datafield ind1=" " ind2="7" tag="650"><subfield code="a">Lalebuch</subfield><subfield code="v">Text</subfield><subfield code="2">idsbb</subfield></datafield><datafield ind1=" " ind2=" " tag="690"><subfield code="a">Volksbuch, Eulenspiegel</subfield><subfield code="2">ubs-A6</subfield></datafield><datafield ind1="1" ind2=" " tag="700"><subfield code="a">Bobertag, Felix</subfield><subfield code="d">1841-1907</subfield><subfield code="0">(IDREF)066885124</subfield></datafield><datafield ind1="0" ind2=" " tag="730"><subfield code="a">Volksbücher des sechzehnten Jahrhunderts</subfield></datafield><datafield ind1="0" ind2=" " tag="730"><subfield code="a">Faust</subfield><subfield code="g">Volksbuch</subfield><subfield code="0">(DE-588)4153795-6</subfield></datafield><datafield ind1="0" ind2=" " tag="730"><subfield code="a">Lalebuch</subfield><subfield code="k">Bearbeitung</subfield></datafield><datafield ind1="0" ind2=" " tag="730"><subfield code="a">Till Eulenspiegel</subfield><subfield code="l">Allemand</subfield></datafield><datafield ind1="0" ind2=" " tag="730"><subfield code="a">Faust</subfield><subfield code="l">Allemand</subfield></datafield><datafield ind1="0" ind2=" " tag="730"><subfield code="a">Lalebuch</subfield><subfield code="l">Allemand</subfield></datafield><datafield ind1=" " ind2=" " tag="830"><subfield code="a">Deutsche National-Litteratur</subfield><subfield code="v">25</subfield><subfield code="w">(RERO)0415949-41slsp</subfield></datafield><datafield ind1=" " ind2=" " tag="830"><subfield code="a">Deutsche National-Litteratur</subfield><subfield code="v">25</subfield><subfield code="w">(IDSLU)000571176ILU01</subfield></datafield><datafield ind1=" " ind2=" " tag="830"><subfield code="a">Deutsche National-Litteratur</subfield><subfield code="v">25</subfield><subfield code="w">(IDSBB)000643761DSV01</subfield></datafield><datafield ind1="4" ind2="1" tag="856"><subfield code="3">Fulltext</subfield><subfield code="q">GOOGLE</subfield><subfield code="u">https://urn.ub.unibe.ch/urn:ch:slsp:ZHBL-00058946:full:google</subfield></datafield><datafield ind1=" " ind2=" " tag="900"><subfield code="a">REROnoselfmerge</subfield></datafield></record>
</metadata></record>