<record><header><identifier>oai:alma.41SLSP_UGE:991000797689705502</identifier><datestamp>2023-11-30T01:25:24Z</datestamp><setSpec>uge_bcen_RapidILL_BOOK</setSpec><setSpec>uge_aaca_RapidILL_BOOK</setSpec><setSpec>uge_abels_RapidILL_BOOK</setSpec><setSpec>uge_dbu_RapidILL_BOOK</setSpec><setSpec>uge_cmu_RapidILL_BOOK</setSpec><setSpec>uge_mail_RapidILL_BOOK</setSpec><setSpec>uge_abbat_RapidILL_BOOK</setSpec><setSpec>UNIGE_ALL</setSpec><setSpec>uge_aobs_RapidILL_BOOK</setSpec><setSpec>uge_acar_RapidILL_BOOK</setSpec></header><metadata>
<record xmlns="http://www.loc.gov/MARC21/slim" xmlns:xsi="http://www.w3.org/2001/XMLSchema-instance" xsi:schemaLocation="http://www.loc.gov/MARC21/slim http://www.loc.gov/standards/marcxml/schema/MARC21slim.xsd"><leader>02769nam a2200721 c 4500</leader><controlfield tag="001">991000797689705502</controlfield><controlfield tag="005">20230411172359.0</controlfield><controlfield tag="008">201011t19951995gw ||||| |||| 00| ||ger d</controlfield><datafield ind1=" " ind2=" " tag="015"><subfield code="a">96,A17,1108</subfield></datafield><datafield ind1=" " ind2=" " tag="019"><subfield code="a">Büchsel, Martin (28.8.1950-)</subfield></datafield><datafield ind1=" " ind2=" " tag="020"><subfield code="a">3786117241</subfield><subfield code="q">Gewebe</subfield></datafield><datafield ind1="7" ind2=" " tag="024"><subfield code="a">http://catalogue.bnf.fr/ark:/12148/cb37037493k</subfield><subfield code="2">uri</subfield></datafield><datafield ind1=" " ind2=" " tag="035"><subfield code="a">(swissbib)229657990-41slsp_network</subfield></datafield><datafield ind1=" " ind2=" " tag="035"><subfield code="a">229657990</subfield><subfield code="9">ExL</subfield></datafield><datafield ind1=" " ind2=" " tag="035"><subfield code="a">(RERO)2134439-41slsp</subfield></datafield><datafield ind1=" " ind2=" " tag="035"><subfield code="a">(IDSBB)001205935DSV01</subfield></datafield><datafield ind1=" " ind2=" " tag="035"><subfield code="a">(NEBIS)001593445EBI01</subfield></datafield><datafield ind1=" " ind2=" " tag="035"><subfield code="a">(EXLNZ-41SLSP_NETWORK)991103481499705501</subfield></datafield><datafield ind1=" " ind2=" " tag="040"><subfield code="a">RERO labcud</subfield><subfield code="b">fre</subfield><subfield code="e">rda</subfield><subfield code="d">CH-ZuSLS</subfield></datafield><datafield ind1="0" ind2=" " tag="041"><subfield code="a">ger</subfield></datafield><datafield ind1=" " ind2="7" tag="072"><subfield code="a">ba</subfield><subfield code="2">rero</subfield></datafield><datafield ind1=" " ind2="7" tag="072"><subfield code="a">kh</subfield><subfield code="2">SzZuIDS BS/BE</subfield></datafield><datafield ind1=" " ind2=" " tag="084"><subfield code="a">9,10</subfield><subfield code="2">ssgn</subfield></datafield><datafield ind1=" " ind2=" " tag="084"><subfield code="a">LM 26660</subfield><subfield code="2">rvk</subfield></datafield><datafield ind1="1" ind2=" " tag="100"><subfield code="6">880-01</subfield><subfield code="a">Büchsel, Martin</subfield><subfield code="d">1950-....</subfield><subfield code="0">(IDREF)050288717</subfield><subfield code="4">cre</subfield></datafield><datafield ind1="1" ind2=" " tag="880"><subfield code="6">100-01</subfield><subfield code="a">Büchsel, Martin</subfield><subfield code="d">1950-</subfield><subfield code="0">(DE-588)118065769</subfield></datafield><datafield ind1="1" ind2="0" tag="245"><subfield code="a">&lt;&lt;Die&gt;&gt; Skulptur des Querhauses der Kathedrale von Chartres</subfield><subfield code="c">Martin Büchsel</subfield></datafield><datafield ind1=" " ind2="1" tag="264"><subfield code="a">Berlin</subfield><subfield code="b">Gebr. Mann Verlag</subfield><subfield code="c">1995</subfield></datafield><datafield ind1=" " ind2="4" tag="264"><subfield code="c">© 1995</subfield></datafield><datafield ind1=" " ind2=" " tag="300"><subfield code="a">429 pages</subfield><subfield code="b">illustrations</subfield><subfield code="c">26 cm</subfield></datafield><datafield ind1=" " ind2=" " tag="336"><subfield code="b">txt</subfield><subfield code="2">rdacontent</subfield></datafield><datafield ind1=" " ind2=" " tag="337"><subfield code="b">n</subfield><subfield code="2">rdamedia</subfield></datafield><datafield ind1=" " ind2=" " tag="338"><subfield code="b">nc</subfield><subfield code="2">rdacarrier</subfield></datafield><datafield ind1="1" ind2=" " tag="490"><subfield code="a">Schriften des Liebieghauses</subfield></datafield><datafield ind1=" " ind2=" " tag="502"><subfield code="a">Zugleich: überarbeitete Habilitationsschrift, Universität Freiburg i.Br., 1990</subfield></datafield><datafield ind1=" " ind2=" " tag="504"><subfield code="a">Literaturverzeichnis</subfield></datafield><datafield ind1=" " ind2=" " tag="504"><subfield code="a">Bibliografia: pagine 420-429</subfield></datafield><datafield ind1="2" ind2="0" tag="610"><subfield code="a">Cathédrale de Chartres</subfield></datafield><datafield ind1=" " ind2="7" tag="650"><subfield code="a">Cathédrale Notre-Dame (Chartres)</subfield><subfield code="x">Sculture</subfield><subfield code="2">sbt12</subfield></datafield><datafield ind1=" " ind2="7" tag="650"><subfield code="a">Sculpture</subfield><subfield code="0">(IDREF)027248399</subfield><subfield code="2">idref</subfield></datafield><datafield ind1=" " ind2="7" tag="650"><subfield code="a">Transepts</subfield><subfield code="0">(IDREF)03571574X</subfield><subfield code="2">idref</subfield></datafield><datafield ind1=" " ind2="7" tag="650"><subfield code="a">Bauplastik</subfield><subfield code="2">idszbz</subfield></datafield><datafield ind1=" " ind2="7" tag="650"><subfield code="a">Kirchenportal</subfield><subfield code="2">idszbz</subfield></datafield><datafield ind1=" " ind2="7" tag="650"><subfield code="a">Figurenportal</subfield><subfield code="0">(DE-588)4154326-9</subfield><subfield code="2">gnd</subfield></datafield><datafield ind1=" " ind2="7" tag="650"><subfield code="a">Plastik</subfield><subfield code="0">(DE-588)4046277-8</subfield><subfield code="2">gnd</subfield></datafield><datafield ind1=" " ind2="0" tag="650"><subfield code="a">Doorways</subfield><subfield code="z">France</subfield><subfield code="z">Chartres</subfield></datafield><datafield ind1=" " ind2="0" tag="650"><subfield code="a">Sculpture, French</subfield><subfield code="z">France</subfield><subfield code="z">Chartres</subfield><subfield code="x">Themes, motives</subfield></datafield><datafield ind1=" " ind2="0" tag="650"><subfield code="a">Sculpture, Gothic</subfield><subfield code="z">France</subfield><subfield code="z">Chartres</subfield><subfield code="x">Themes, motives</subfield></datafield><datafield ind1=" " ind2="7" tag="651"><subfield code="a">Chartres (Eure-et-Loir, France)</subfield><subfield code="x">Cathédrale Notre-Dame</subfield><subfield code="0">(IDREF)027222608</subfield><subfield code="2">idref</subfield></datafield><datafield ind1=" " ind2="7" tag="651"><subfield code="a">Chartres; Kathedrale</subfield><subfield code="2">idszbz</subfield></datafield><datafield ind1=" " ind2="7" tag="651"><subfield code="a">Frankreich</subfield><subfield code="2">idszbz</subfield></datafield><datafield ind1=" " ind2="7" tag="651"><subfield code="a">Kathedrale Chartres</subfield><subfield code="g">Chartres</subfield><subfield code="0">(DE-588)4069930-4</subfield><subfield code="2">gnd</subfield></datafield><datafield ind1=" " ind2="7" tag="655"><subfield code="a">Hochschulschrift</subfield><subfield code="2">gnd-content</subfield></datafield><datafield ind1=" " ind2=" " tag="690"><subfield code="a">Chartres. Kathedrale. Plastik</subfield><subfield code="2">uzb-US</subfield></datafield><datafield ind1=" " ind2=" " tag="690"><subfield code="a">Frankreich. Plastik. Gotik</subfield><subfield code="2">uzb-US</subfield></datafield><datafield ind1=" " ind2=" " tag="690"><subfield code="a">Suger (Abt) von St-Denis</subfield><subfield code="2">uzb-US</subfield></datafield><datafield ind1=" " ind2=" " tag="690"><subfield code="a">Schöpfung. Ikonologie</subfield><subfield code="2">uzb-US</subfield></datafield><datafield ind1=" " ind2=" " tag="690"><subfield code="a">Frankreich. Ikonologie. Gotik</subfield><subfield code="2">uzb-US</subfield></datafield><datafield ind1=" " ind2=" " tag="690"><subfield code="a">Hugo von St.Viktor</subfield><subfield code="2">uzb-US</subfield></datafield><datafield ind1=" " ind2=" " tag="690"><subfield code="a">Rupert von Deutz</subfield><subfield code="2">uzb-US</subfield></datafield><datafield ind1=" " ind2=" " tag="690"><subfield code="a">Weltgericht. Ikonografie</subfield><subfield code="2">uzb-US</subfield></datafield><datafield ind1=" " ind2=" " tag="691"><subfield code="e">726.600(440)</subfield><subfield code="2">usi-TM</subfield></datafield><datafield ind1=" " ind2="0" tag="830"><subfield code="a">Schriften des Liebieghauses</subfield><subfield code="w">(RERO)1088529-41slsp</subfield></datafield><datafield ind1=" " ind2=" " tag="900"><subfield code="a">REROnoselfmerge</subfield></datafield></record>
</metadata></record>