<record><header><identifier>oai:alma.41SLSP_UGE:991000798209705502</identifier><datestamp>2023-07-23T00:16:35Z</datestamp><setSpec>uge_bcen_RapidILL_BOOK</setSpec><setSpec>uge_aaca_RapidILL_BOOK</setSpec><setSpec>uge_abels_RapidILL_BOOK</setSpec><setSpec>uge_dbu_RapidILL_BOOK</setSpec><setSpec>uge_cmu_RapidILL_BOOK</setSpec><setSpec>uge_mail_RapidILL_BOOK</setSpec><setSpec>uge_abbat_RapidILL_BOOK</setSpec><setSpec>UNIGE_ALL</setSpec><setSpec>uge_aobs_RapidILL_BOOK</setSpec><setSpec>uge_acar_RapidILL_BOOK</setSpec></header><metadata>
<record xmlns="http://www.loc.gov/MARC21/slim" xmlns:xsi="http://www.w3.org/2001/XMLSchema-instance" xsi:schemaLocation="http://www.loc.gov/MARC21/slim http://www.loc.gov/standards/marcxml/schema/MARC21slim.xsd"><leader>02623nam a2200637 ca4500</leader><controlfield tag="001">991000798209705502</controlfield><controlfield tag="005">20230721142144.0</controlfield><controlfield tag="008">201011s1985    fr       m    00| | fre d</controlfield><datafield ind1=" " ind2=" " tag="020"><subfield code="a">2853991024</subfield></datafield><datafield ind1=" " ind2=" " tag="035"><subfield code="a">(swissbib)216080037-41slsp_network</subfield></datafield><datafield ind1=" " ind2=" " tag="035"><subfield code="a">216080037</subfield><subfield code="9">ExL</subfield></datafield><datafield ind1=" " ind2=" " tag="035"><subfield code="a">(NEBIS)008854248EBI01</subfield></datafield><datafield ind1=" " ind2=" " tag="035"><subfield code="a">(RERO)0700232-41slsp</subfield></datafield><datafield ind1=" " ind2=" " tag="035"><subfield code="a">(SBT)000838004SBT01</subfield></datafield><datafield ind1=" " ind2=" " tag="035"><subfield code="a">(IDSLU)000024857ILU01</subfield></datafield><datafield ind1=" " ind2=" " tag="035"><subfield code="a">(EXLNZ-41SLSP_NETWORK)991009892739705501</subfield></datafield><datafield ind1=" " ind2=" " tag="040"><subfield code="a">SzZuIDS NEBIS UZH</subfield><subfield code="d">CH-ZuSLS</subfield></datafield><datafield ind1="1" ind2=" " tag="041"><subfield code="a">fre</subfield><subfield code="a">pro</subfield><subfield code="h">pro</subfield></datafield><datafield ind1=" " ind2=" " tag="050"><subfield code="a">PC3330.B5</subfield><subfield code="b">A34 1985</subfield></datafield><datafield ind1=" " ind2="7" tag="072"><subfield code="a">fm</subfield><subfield code="2">rero</subfield></datafield><datafield ind1=" " ind2="7" tag="072"><subfield code="a">es</subfield><subfield code="2">rero</subfield></datafield><datafield ind1=" " ind2="7" tag="072"><subfield code="a">550</subfield><subfield code="2">IDS LU</subfield></datafield><datafield ind1="0" ind2="4" tag="082"><subfield code="a">849/.12</subfield><subfield code="2">19</subfield></datafield><datafield ind1=" " ind2=" " tag="084"><subfield code="a">IK 6612</subfield><subfield code="2">rvk</subfield></datafield><datafield ind1=" " ind2=" " tag="084"><subfield code="a">IK 7129</subfield><subfield code="2">rvk</subfield></datafield><datafield ind1="0" ind2=" " tag="100"><subfield code="6">880-01</subfield><subfield code="a">Bertran</subfield><subfield code="c">de Born, seigneur de Hautefort</subfield><subfield code="d">1140?-1215</subfield><subfield code="0">(SBT11)000016125</subfield></datafield><datafield ind1="0" ind2=" " tag="880"><subfield code="6">100-01</subfield><subfield code="a">Bertran</subfield><subfield code="c">de Born</subfield><subfield code="d">1140-1215</subfield><subfield code="0">(DE-588)118510150</subfield></datafield><datafield ind1="0" ind2=" " tag="880"><subfield code="6">100-01</subfield><subfield code="a">Bertran</subfield><subfield code="c">de Born</subfield><subfield code="0">(RERO)A000019238</subfield></datafield><datafield ind1="1" ind2="0" tag="245"><subfield code="a">&lt;&lt;L'&gt;&gt;amour et la guerre</subfield><subfield code="c">l'oeuvre de Bertran de Born ; [édition critique, traduction et notes] Gérard Gouiran</subfield></datafield><datafield ind1=" " ind2="1" tag="264"><subfield code="a">Aix-en-Provence</subfield><subfield code="b">Université de Provence, Service de publ.</subfield><subfield code="c">1985</subfield></datafield><datafield ind1=" " ind2=" " tag="300"><subfield code="a">2 vol. (CCII, 1005 p.)</subfield><subfield code="b">ill</subfield><subfield code="c">24 cm</subfield></datafield><datafield ind1=" " ind2=" " tag="336"><subfield code="b">txt</subfield><subfield code="2">rdacontent</subfield></datafield><datafield ind1=" " ind2=" " tag="337"><subfield code="b">n</subfield><subfield code="2">rdamedia</subfield></datafield><datafield ind1=" " ind2=" " tag="338"><subfield code="b">nc</subfield><subfield code="2">rdacarrier</subfield></datafield><datafield ind1="1" ind2=" " tag="490"><subfield code="a">Publications de l'Université de Provence</subfield></datafield><datafield ind1=" " ind2=" " tag="500"><subfield code="a">Texte des chansons et trad. en français moderne en regard</subfield></datafield><datafield ind1=" " ind2=" " tag="500"><subfield code="a">Contient des poésies de Bertran de Born en occitan avec traduction en française moderne en regard</subfield></datafield><datafield ind1=" " ind2=" " tag="502"><subfield code="a">Thèse de Gérard Gouiran, Univ. de Provence, Lille, 1982</subfield></datafield><datafield ind1=" " ind2=" " tag="504"><subfield code="a">Bibliogr.: p. 979-998</subfield></datafield><datafield ind1="0" ind2="7" tag="600"><subfield code="a">Bertran</subfield><subfield code="c">de Born</subfield><subfield code="d">1140-1215</subfield><subfield code="0">(DE-588)118510150</subfield><subfield code="2">gnd</subfield></datafield><datafield ind1="0" ind2="0" tag="600"><subfield code="a">Bertran</subfield><subfield code="c">de Born, seigneur de Hautefort</subfield><subfield code="d">1140?-1215</subfield><subfield code="x">Criticism and interpretation</subfield></datafield><datafield ind1="0" ind2="0" tag="600"><subfield code="a">Bertran</subfield><subfield code="c">de Born, seigneur de Hautefort</subfield><subfield code="d">1140?-1215</subfield><subfield code="v">Translations into French</subfield></datafield><datafield ind1="0" ind2="7" tag="600"><subfield code="a">Bertran</subfield><subfield code="c">de Born</subfield><subfield code="x">Sprache und Stil</subfield><subfield code="2">idsbb</subfield></datafield><datafield ind1="0" ind2="7" tag="600"><subfield code="a">Bertran de Born</subfield><subfield code="d">1140?-1215?</subfield><subfield code="0">(IDREF)026724723</subfield><subfield code="2">idref</subfield></datafield><datafield ind1=" " ind2="7" tag="650"><subfield code="a">Lyrik</subfield><subfield code="0">(DE-588)4036774-5</subfield><subfield code="2">gnd</subfield></datafield><datafield ind1=" " ind2="0" tag="650"><subfield code="a">Love poetry, Provençal</subfield></datafield><datafield ind1=" " ind2="0" tag="650"><subfield code="a">War poetry, Provençal</subfield></datafield><datafield ind1=" " ind2="0" tag="650"><subfield code="a">Troubadours</subfield></datafield><datafield ind1=" " ind2="7" tag="655"><subfield code="a">Hochschulschrift</subfield><subfield code="2">gnd-content</subfield></datafield><datafield ind1=" " ind2=" " tag="690"><subfield code="a">Bertran de Born, B: Werk</subfield><subfield code="2">rzs-L1</subfield></datafield><datafield ind1=" " ind2=" " tag="691"><subfield code="e">849.12</subfield><subfield code="a">Poesia provenzale, 1100-1299</subfield><subfield code="2">usi-TE</subfield></datafield><datafield ind1="1" ind2=" " tag="700"><subfield code="6">880-02</subfield><subfield code="a">Gouiran, Gérard</subfield><subfield code="d">1945-</subfield><subfield code="0">(DE-588)1042640378</subfield></datafield><datafield ind1="1" ind2=" " tag="880"><subfield code="6">700-02</subfield><subfield code="a">Gouiran, Gérard</subfield><subfield code="d">1945-....</subfield><subfield code="0">(IDREF)029052459</subfield><subfield code="4">cre</subfield></datafield><datafield ind1=" " ind2=" " tag="830"><subfield code="a">Publications Université de Provence</subfield><subfield code="w">(SBT)000219349SBT01</subfield></datafield><datafield ind1=" " ind2=" " tag="900"><subfield code="f">IDSU2medea</subfield></datafield><datafield ind1=" " ind2=" " tag="900"><subfield code="a">IDSZRMedeaZBZDiss</subfield><subfield code="c">IDSZRwerm</subfield></datafield><datafield ind1=" " ind2=" " tag="900"><subfield code="a">REROnoselfmerge</subfield></datafield></record>
</metadata></record>