<record><header><identifier>oai:alma.41SLSP_UGE:991000797479705502</identifier><datestamp>2023-03-01T01:10:03Z</datestamp><setSpec>uge_bcen_RapidILL_BOOK</setSpec><setSpec>uge_aaca_RapidILL_BOOK</setSpec><setSpec>uge_abels_RapidILL_BOOK</setSpec><setSpec>uge_dbu_RapidILL_BOOK</setSpec><setSpec>uge_cmu_RapidILL_BOOK</setSpec><setSpec>uge_mail_RapidILL_BOOK</setSpec><setSpec>UNIGE_ALL</setSpec><setSpec>uge_abbat_RapidILL_BOOK</setSpec><setSpec>uge_aobs_RapidILL_BOOK</setSpec><setSpec>uge_acar_RapidILL_BOOK</setSpec></header><metadata>
<record xmlns="http://www.loc.gov/MARC21/slim" xmlns:xsi="http://www.w3.org/2001/XMLSchema-instance" xsi:schemaLocation="http://www.loc.gov/MARC21/slim http://www.loc.gov/standards/marcxml/schema/MARC21slim.xsd"><leader>02341nam a2200361 c 4500</leader><controlfield tag="001">991000797479705502</controlfield><controlfield tag="005">20230121192535.0</controlfield><controlfield tag="008">930211r19911979ru ||||| |||| 00| ||rus d</controlfield><datafield ind1=" " ind2=" " tag="020"><subfield code="a">5859500173</subfield></datafield><datafield ind1=" " ind2=" " tag="035"><subfield code="a">(swissbib)087313634-41slsp_network</subfield></datafield><datafield ind1=" " ind2=" " tag="035"><subfield code="a">087313634</subfield><subfield code="9">ExL</subfield></datafield><datafield ind1=" " ind2=" " tag="035"><subfield code="a">(RERO)1642084-41slsp</subfield></datafield><datafield ind1=" " ind2=" " tag="035"><subfield code="a">(EXLNZ-41SLSP_NETWORK)991070336279705501</subfield></datafield><datafield ind1=" " ind2=" " tag="040"><subfield code="a">RERO geulru</subfield><subfield code="d">CH-ZuSLS</subfield></datafield><datafield ind1=" " ind2="7" tag="072"><subfield code="a">ru</subfield><subfield code="2">rero</subfield></datafield><datafield ind1="0" ind2="0" tag="245"><subfield code="6">880-01</subfield><subfield code="a">Metropolʹ</subfield><subfield code="b">literaturnyĭ alʹmanakh</subfield><subfield code="c">[sostavili V. Aksenov, A. Bitov ... [et al.]</subfield></datafield><datafield ind1="0" ind2="0" tag="880"><subfield code="6">245-01/(N</subfield><subfield code="a">Метрополь</subfield><subfield code="b">литературный альманах</subfield><subfield code="c">[составили В. Аксенов, А. Битов ... [et al.]</subfield></datafield><datafield ind1="1" ind2=" " tag="246"><subfield code="a">Metropolʹ</subfield><subfield code="b">literaturnyj alʹmanach / [sostavili V. Aksenov, A. Bitov ... [et al.]</subfield></datafield><datafield ind1=" " ind2="1" tag="264"><subfield code="6">880-02</subfield><subfield code="a">Moskva</subfield><subfield code="b">Tekst</subfield><subfield code="c">1991</subfield></datafield><datafield ind1=" " ind2="1" tag="880"><subfield code="6">264-02/(N</subfield><subfield code="a">Москва</subfield><subfield code="b">Текст</subfield><subfield code="c">1991</subfield></datafield><datafield ind1=" " ind2=" " tag="300"><subfield code="a">607 p.</subfield><subfield code="b">ill.</subfield><subfield code="c">21 cm</subfield></datafield><datafield ind1=" " ind2=" " tag="336"><subfield code="b">txt</subfield><subfield code="2">rdacontent</subfield></datafield><datafield ind1=" " ind2=" " tag="337"><subfield code="b">n</subfield><subfield code="2">rdamedia</subfield></datafield><datafield ind1=" " ind2=" " tag="338"><subfield code="b">nc</subfield><subfield code="2">rdacarrier</subfield></datafield><datafield ind1=" " ind2=" " tag="534"><subfield code="6">880-03</subfield><subfield code="p">Reprod. de l'éd. de:</subfield><subfield code="c">[Moscou] : Samizdat, 1979</subfield></datafield><datafield ind1=" " ind2=" " tag="880"><subfield code="6">534-03/(N</subfield><subfield code="p">Reprod. de l'éd. de:</subfield><subfield code="c">[Moscou] : Самиздат, 1979</subfield></datafield><datafield ind1=" " ind2="7" tag="650"><subfield code="a">Littérature russe</subfield><subfield code="0">(IDREF)027275752</subfield><subfield code="2">idref</subfield></datafield><datafield ind1=" " ind2="7" tag="650"><subfield code="a">20e siècle (2e moitié)</subfield><subfield code="0">(RERO)A022488830</subfield><subfield code="2">rero</subfield></datafield><datafield ind1=" " ind2="7" tag="655"><subfield code="a">Anthologies</subfield><subfield code="0">(IDREF)027269493</subfield><subfield code="2">idref</subfield></datafield><datafield ind1="1" ind2=" " tag="700"><subfield code="6">880-04</subfield><subfield code="a">Bitov, Andreï Gueorguievitch</subfield><subfield code="d">1937-2018</subfield><subfield code="0">(IDREF)033155933</subfield></datafield><datafield ind1="1" ind2=" " tag="880"><subfield code="6">700-04/(N</subfield><subfield code="a">Битов, Андрей Георгиевич</subfield></datafield><datafield ind1="1" ind2=" " tag="700"><subfield code="6">880-05</subfield><subfield code="a">Aksenov, Vasilij Pavlovič</subfield><subfield code="d">1932-2009</subfield><subfield code="0">(IDREF)026679868</subfield></datafield><datafield ind1="1" ind2=" " tag="880"><subfield code="6">700-05/(N</subfield><subfield code="a">Аксенов, Василий Павлович</subfield><subfield code="d">1932-2009</subfield></datafield><datafield ind1=" " ind2=" " tag="900"><subfield code="a">REROnoselfmerge</subfield></datafield></record>
</metadata></record>