<record><header><identifier>oai:alma.41SLSP_UGE:991000797899705502</identifier><datestamp>2023-03-01T01:10:03Z</datestamp><setSpec>uge_bcen_RapidILL_BOOK</setSpec><setSpec>uge_aaca_RapidILL_BOOK</setSpec><setSpec>uge_abels_RapidILL_BOOK</setSpec><setSpec>uge_dbu_RapidILL_BOOK</setSpec><setSpec>uge_cmu_RapidILL_BOOK</setSpec><setSpec>uge_mail_RapidILL_BOOK</setSpec><setSpec>UNIGE_ALL</setSpec><setSpec>uge_abbat_RapidILL_BOOK</setSpec><setSpec>uge_aobs_RapidILL_BOOK</setSpec><setSpec>uge_acar_RapidILL_BOOK</setSpec></header><metadata>
<record xmlns="http://www.loc.gov/MARC21/slim" xmlns:xsi="http://www.w3.org/2001/XMLSchema-instance" xsi:schemaLocation="http://www.loc.gov/MARC21/slim http://www.loc.gov/standards/marcxml/schema/MARC21slim.xsd"><leader>01130nam a2200217 c 4500</leader><controlfield tag="001">991000797899705502</controlfield><controlfield tag="005">20201222183853.0</controlfield><controlfield tag="008">120531s2010    gr ||||| |||| 00| ||gre d</controlfield><datafield ind1=" " ind2=" " tag="020"><subfield code="a">9789605371173</subfield></datafield><datafield ind1=" " ind2=" " tag="035"><subfield code="a">(swissbib)115993908-41slsp_network</subfield></datafield><datafield ind1=" " ind2=" " tag="035"><subfield code="a">115993908</subfield><subfield code="9">ExL</subfield></datafield><datafield ind1=" " ind2=" " tag="035"><subfield code="a">(RERO)R007074096-41slsp</subfield></datafield><datafield ind1=" " ind2=" " tag="035"><subfield code="a">(EXLNZ-41SLSP_NETWORK)991004720019705501</subfield></datafield><datafield ind1=" " ind2=" " tag="040"><subfield code="a">RERO geulgm</subfield><subfield code="d">CH-ZuSLS</subfield></datafield><datafield ind1=" " ind2="7" tag="072"><subfield code="a">gr</subfield><subfield code="2">rero</subfield></datafield><datafield ind1="0" ind2="0" tag="245"><subfield code="a">Χεφλουδιζοντας το ποιημα</subfield><subfield code="c">ποιηματα για το ποιημα, την ποιηση, τον ποιητη</subfield></datafield><datafield ind1=" " ind2="1" tag="264"><subfield code="a">Αθηνα</subfield><subfield code="b">Αποπειρα</subfield><subfield code="c">2010</subfield></datafield><datafield ind1=" " ind2=" " tag="300"><subfield code="a">81 p.</subfield></datafield><datafield ind1=" " ind2=" " tag="336"><subfield code="b">txt</subfield><subfield code="2">rdacontent</subfield></datafield><datafield ind1=" " ind2=" " tag="337"><subfield code="b">n</subfield><subfield code="2">rdamedia</subfield></datafield><datafield ind1=" " ind2=" " tag="338"><subfield code="b">nc</subfield><subfield code="2">rdacarrier</subfield></datafield><datafield ind1=" " ind2=" " tag="900"><subfield code="a">REROnoselfmerge</subfield></datafield></record>
</metadata></record>