<record><header><identifier>oai:alma.41SLSP_UGE:991000797359705502</identifier><datestamp>2023-03-01T01:10:03Z</datestamp><setSpec>uge_bcen_RapidILL_BOOK</setSpec><setSpec>uge_aaca_RapidILL_BOOK</setSpec><setSpec>uge_abels_RapidILL_BOOK</setSpec><setSpec>uge_dbu_RapidILL_BOOK</setSpec><setSpec>uge_cmu_RapidILL_BOOK</setSpec><setSpec>uge_mail_RapidILL_BOOK</setSpec><setSpec>uge_abbat_RapidILL_BOOK</setSpec><setSpec>UNIGE_ALL</setSpec><setSpec>uge_acar_RapidILL_BOOK</setSpec><setSpec>uge_aobs_RapidILL_BOOK</setSpec></header><metadata>
<record xmlns="http://www.loc.gov/MARC21/slim" xmlns:xsi="http://www.w3.org/2001/XMLSchema-instance" xsi:schemaLocation="http://www.loc.gov/MARC21/slim http://www.loc.gov/standards/marcxml/schema/MARC21slim.xsd"><leader>02439nam a2200529 c 4500</leader><controlfield tag="001">991000797359705502</controlfield><controlfield tag="005">20230228185958.0</controlfield><controlfield tag="008">201011s1974    fr ||||| |||| 10| ||fre d</controlfield><datafield ind1=" " ind2=" " tag="035"><subfield code="a">(swissbib)231745672-41slsp_network</subfield></datafield><datafield ind1=" " ind2=" " tag="035"><subfield code="a">231745672</subfield><subfield code="9">ExL</subfield></datafield><datafield ind1=" " ind2=" " tag="035"><subfield code="a">(RERO)0408507-41slsp</subfield></datafield><datafield ind1=" " ind2=" " tag="035"><subfield code="a">(IDSLU)000673596ILU01</subfield></datafield><datafield ind1=" " ind2=" " tag="035"><subfield code="a">(IDSBB)000641717DSV01</subfield></datafield><datafield ind1=" " ind2=" " tag="035"><subfield code="a">(NEBIS)003204014EBI01</subfield></datafield><datafield ind1=" " ind2=" " tag="035"><subfield code="a">(EXLNZ-41SLSP_NETWORK)991115355509705501</subfield></datafield><datafield ind1=" " ind2=" " tag="040"><subfield code="a">RERO</subfield><subfield code="d">CH-ZuSLS</subfield></datafield><datafield ind1=" " ind2="7" tag="072"><subfield code="a">th</subfield><subfield code="2">rero</subfield></datafield><datafield ind1=" " ind2="7" tag="072"><subfield code="a">th</subfield><subfield code="2">SzZuIDS BS/BE</subfield></datafield><datafield ind1="0" ind2="0" tag="245"><subfield code="a">Théologies de la libération en Amérique latine</subfield><subfield code="c">Centre d'études et de recherches interdisciplinaires en théologie (C.E.R.I.T.) de Strasbourg</subfield></datafield><datafield ind1=" " ind2="1" tag="264"><subfield code="a">Paris</subfield><subfield code="b">Beauchesne</subfield><subfield code="c">[1974]</subfield></datafield><datafield ind1=" " ind2=" " tag="300"><subfield code="a">130 p.</subfield><subfield code="c">22 cm</subfield></datafield><datafield ind1=" " ind2=" " tag="336"><subfield code="b">txt</subfield><subfield code="2">rdacontent</subfield></datafield><datafield ind1=" " ind2=" " tag="337"><subfield code="b">n</subfield><subfield code="2">rdamedia</subfield></datafield><datafield ind1=" " ind2=" " tag="338"><subfield code="b">nc</subfield><subfield code="2">rdacarrier</subfield></datafield><datafield ind1="1" ind2=" " tag="490"><subfield code="a">Le point théologique</subfield><subfield code="v">10.</subfield><subfield code="a">Centre d'études et de recherches interdisciplinaires en théologie de Strasbourg</subfield><subfield code="v">1</subfield></datafield><datafield ind1="0" ind2=" " tag="490"><subfield code="a">Publications / Centre d'études et de recherches interdisciplinaires en théologie, C.E.R.I.T., de Strasbourg</subfield><subfield code="v">1</subfield></datafield><datafield ind1=" " ind2=" " tag="500"><subfield code="a">Compte rendu d'un séminaire organisé le 4 juin 1973</subfield></datafield><datafield ind1=" " ind2=" " tag="504"><subfield code="a">Bibliography; p. [115]-124</subfield></datafield><datafield ind1=" " ind2="7" tag="650"><subfield code="a">Théologie de la libération</subfield><subfield code="0">(IDREF)027253090</subfield><subfield code="2">idref</subfield></datafield><datafield ind1=" " ind2="0" tag="650"><subfield code="a">Liberation theology</subfield></datafield><datafield ind1=" " ind2="6" tag="650"><subfield code="a">Théologie de la libération</subfield></datafield><datafield ind1=" " ind2="4" tag="650"><subfield code="a">Theologie der Befreiung</subfield></datafield><datafield ind1=" " ind2="7" tag="651"><subfield code="a">Amérique latine</subfield><subfield code="0">(IDREF)02721897X</subfield><subfield code="2">idref</subfield></datafield><datafield ind1=" " ind2="4" tag="651"><subfield code="a">Lateinamerika</subfield></datafield><datafield ind1=" " ind2="7" tag="655"><subfield code="a">[Études diverses]</subfield><subfield code="0">(RERO)A022249905</subfield><subfield code="2">rero</subfield></datafield><datafield ind1=" " ind2="4" tag="655"><subfield code="a">Aufsatzsammlung</subfield></datafield><datafield ind1=" " ind2=" " tag="690"><subfield code="a">Befreiungstheologie. Lateinamerika. A. Aufsätze</subfield><subfield code="2">rzs-L1</subfield></datafield><datafield ind1=" " ind2=" " tag="690"><subfield code="a">Lateinamerika / Religion, Kirche / Katholische Kirche / Theologie</subfield><subfield code="2">uzb-Z9</subfield></datafield><datafield ind1=" " ind2=" " tag="690"><subfield code="a">Theologie der Befreiung / Einzelne Gebiete und Orte</subfield><subfield code="2">uzb-Z9</subfield></datafield><datafield ind1="1" ind2=" " tag="700"><subfield code="a">Freund, Julien</subfield></datafield><datafield ind1="1" ind2=" " tag="700"><subfield code="a">Aubert, Jean-Marie</subfield></datafield><datafield ind1="2" ind2=" " tag="710"><subfield code="a">Centre d'Etudes et de Recherches Interdisciplinaires en Théologie</subfield><subfield code="g">Straßburg</subfield><subfield code="0">(DE-588)16329-6</subfield></datafield><datafield ind1="2" ind2=" " tag="710"><subfield code="a">Université de Strasbourg 2</subfield><subfield code="b">Centre d'études et de recherches interdisciplinaires en théologie</subfield><subfield code="b">Séminaire</subfield><subfield code="d">1973</subfield><subfield code="c">Strasbourg</subfield><subfield code="0">(RERO)A012386850</subfield></datafield><datafield ind1=" " ind2=" " tag="830"><subfield code="a">&lt;&lt;Le&gt;&gt; point théologique</subfield><subfield code="v">10</subfield><subfield code="w">(NEBIS)001003167EBI01</subfield></datafield><datafield ind1=" " ind2=" " tag="830"><subfield code="a">Centre d'études et de recherches interdisciplinaires en théologie de Strasbourg</subfield><subfield code="v">1</subfield><subfield code="w">(RERO)0408505-41slsp</subfield></datafield><datafield ind1=" " ind2=" " tag="900"><subfield code="a">REROnoselfmerge</subfield></datafield><datafield ind1=" " ind2=" " tag="900"><subfield code="a">IDSZRMedeaZBZ</subfield><subfield code="b">IDSZRReiheP</subfield></datafield><datafield ind1=" " ind2=" " tag="911"><subfield code="a">700</subfield><subfield code="a">Aubert, Jean Marie</subfield><subfield code="d">1916-</subfield></datafield></record>
</metadata></record>