<record><header><identifier>oai:alma.41SLSP_UGE:991000797159705502</identifier><datestamp>2024-11-16T01:14:09Z</datestamp><setSpec>uge_bcen_RapidILL_BOOK</setSpec><setSpec>uge_aaca_RapidILL_BOOK</setSpec><setSpec>uge_abels_RapidILL_BOOK</setSpec><setSpec>uge_dbu_RapidILL_BOOK</setSpec><setSpec>uge_cmu_RapidILL_BOOK</setSpec><setSpec>uge_mail_RapidILL_BOOK</setSpec><setSpec>uge_abbat_RapidILL_BOOK</setSpec><setSpec>UNIGE_ALL</setSpec><setSpec>uge_acar_RapidILL_BOOK</setSpec><setSpec>uge_aobs_RapidILL_BOOK</setSpec></header><metadata>
<record xmlns="http://www.loc.gov/MARC21/slim" xmlns:xsi="http://www.w3.org/2001/XMLSchema-instance" xsi:schemaLocation="http://www.loc.gov/MARC21/slim http://www.loc.gov/standards/marcxml/schema/MARC21slim.xsd"><leader>03345nam a2200745 c 4500</leader><controlfield tag="001">991000797159705502</controlfield><controlfield tag="005">20241115114602.0</controlfield><controlfield tag="008">201011s2005    sz ||||| |||| 10| ||ita d</controlfield><datafield ind1=" " ind2=" " tag="019"><subfield code="a">Notices analytiques</subfield><subfield code="5">RERO/iftflu/07.2016</subfield></datafield><datafield ind1=" " ind2=" " tag="020"><subfield code="a">8881530864</subfield></datafield><datafield ind1=" " ind2=" " tag="035"><subfield code="a">(swissbib)226380580-41slsp_network</subfield></datafield><datafield ind1=" " ind2=" " tag="035"><subfield code="a">226380580</subfield><subfield code="9">ExL</subfield></datafield><datafield ind1=" " ind2=" " tag="035"><subfield code="a">(RERO)R003880840-41slsp</subfield></datafield><datafield ind1=" " ind2=" " tag="035"><subfield code="a">(IDSBB)003738380DSV01</subfield></datafield><datafield ind1=" " ind2=" " tag="035"><subfield code="a">(SBT)000479765SBT01</subfield></datafield><datafield ind1=" " ind2=" " tag="035"><subfield code="a">(IDSSG)000286445HSB01</subfield></datafield><datafield ind1=" " ind2=" " tag="035"><subfield code="a">(IDSLU)000440857ILU01</subfield></datafield><datafield ind1=" " ind2=" " tag="035"><subfield code="a">(NEBIS)005006592EBI01</subfield></datafield><datafield ind1=" " ind2=" " tag="035"><subfield code="a">(EXLNZ-41SLSP_NETWORK)991022814229705501</subfield></datafield><datafield ind1=" " ind2=" " tag="040"><subfield code="a">RERO frbcuc</subfield><subfield code="d">CH-ZuSLS</subfield></datafield><datafield ind1=" " ind2=" " tag="044"><subfield code="a">sz</subfield><subfield code="c">ch-ti</subfield></datafield><datafield ind1=" " ind2="7" tag="072"><subfield code="a">gg</subfield><subfield code="2">SzZuIDS BS/BE</subfield></datafield><datafield ind1=" " ind2="7" tag="072"><subfield code="a">dr</subfield><subfield code="2">rero</subfield></datafield><datafield ind1=" " ind2="7" tag="072"><subfield code="a">820</subfield><subfield code="2">IDS LU</subfield></datafield><datafield ind1="7" ind2="4" tag="082"><subfield code="a">340</subfield><subfield code="2">23sdnb</subfield></datafield><datafield ind1=" " ind2=" " tag="084"><subfield code="a">CA/CH-TI 47 e</subfield><subfield code="2">cjurrom</subfield></datafield><datafield ind1="1" ind2=" " tag="100"><subfield code="a">Cattaneo, Patrizia</subfield><subfield code="0">(RERO)A003084367</subfield><subfield code="4">cre</subfield></datafield><datafield ind1="1" ind2="0" tag="245"><subfield code="a">Problemi attuali della pianificazione del territorio in Ticino</subfield><subfield code="b">aspetti giuridici e tecnici</subfield><subfield code="c">Patrizia Cattaneo Beretta, Moreno Celio</subfield></datafield><datafield ind1=" " ind2="1" tag="264"><subfield code="a">[Lugano]</subfield><subfield code="b">Commissione ticinese per la formazione permanente dei giuristi</subfield><subfield code="c">[2005]</subfield></datafield><datafield ind1=" " ind2="4" tag="264"><subfield code="c">© 2005</subfield></datafield><datafield ind1=" " ind2=" " tag="300"><subfield code="a">79 p.</subfield><subfield code="b">cart.</subfield><subfield code="c">23 cm</subfield></datafield><datafield ind1=" " ind2=" " tag="336"><subfield code="b">txt</subfield><subfield code="2">rdacontent</subfield></datafield><datafield ind1=" " ind2=" " tag="337"><subfield code="b">n</subfield><subfield code="2">rdamedia</subfield></datafield><datafield ind1=" " ind2=" " tag="338"><subfield code="b">nc</subfield><subfield code="2">rdacarrier</subfield></datafield><datafield ind1="1" ind2=" " tag="490"><subfield code="a">Atti della serata di studio / Commissione ticinese per la formazione permanente dei giuristi</subfield><subfield code="v">6</subfield></datafield><datafield ind1="1" ind2=" " tag="490"><subfield code="a">Atti della serata di studio del... / CFPG</subfield><subfield code="v">6 = 14 giugno 2005</subfield></datafield><datafield ind1=" " ind2=" " tag="500"><subfield code="a">Atti della Serata di studio del 14 giugno 2005, a Lugano</subfield></datafield><datafield ind1=" " ind2="7" tag="650"><subfield code="a">Raumplanung und öffentliches Baurecht</subfield><subfield code="9">ger</subfield><subfield code="0">(RERO)jurivoc000018160ger</subfield><subfield code="2">jurivoc</subfield></datafield><datafield ind1=" " ind2="7" tag="650"><subfield code="a">kantonales Recht</subfield><subfield code="9">ger</subfield><subfield code="0">(RERO)jurivoc000012405ger</subfield><subfield code="2">jurivoc</subfield></datafield><datafield ind1=" " ind2="7" tag="650"><subfield code="a">aménagement du territoire - planification</subfield><subfield code="0">(RERO)A010042241</subfield><subfield code="2">rerovoc</subfield></datafield><datafield ind1=" " ind2="7" tag="650"><subfield code="a">Droit</subfield><subfield code="0">(IDREF)027466868</subfield><subfield code="2">idref</subfield></datafield><datafield ind1=" " ind2="7" tag="650"><subfield code="a">Raumplanungsrecht</subfield><subfield code="z">Tessin</subfield><subfield code="v">Kongressbericht</subfield><subfield code="2">idsbb</subfield></datafield><datafield ind1=" " ind2="7" tag="650"><subfield code="a">Raumordnungsrecht</subfield><subfield code="0">(DE-588)4177077-8</subfield><subfield code="2">gnd</subfield></datafield><datafield ind1=" " ind2="7" tag="650"><subfield code="a">Raumordnung</subfield><subfield code="0">(DE-588)4048590-0</subfield><subfield code="2">gnd</subfield></datafield><datafield ind1=" " ind2="7" tag="650"><subfield code="a">Planungsrecht</subfield><subfield code="2">idszbz</subfield></datafield><datafield ind1=" " ind2="7" tag="650"><subfield code="a">Raumordnung</subfield><subfield code="2">idszbz</subfield></datafield><datafield ind1=" " ind2="7" tag="650"><subfield code="a">Pianificazione territoriale</subfield><subfield code="x">diritto</subfield><subfield code="x">congressi</subfield><subfield code="z">Ticino (cantone)</subfield><subfield code="2">sbt12</subfield></datafield><datafield ind1=" " ind2="7" tag="651"><subfield code="a">Schweiz</subfield><subfield code="9">ger</subfield><subfield code="0">(RERO)jurivoc000019912ger</subfield><subfield code="2">jurivoc</subfield></datafield><datafield ind1=" " ind2="7" tag="651"><subfield code="a">Tessin(Kanton)</subfield><subfield code="9">ger</subfield><subfield code="0">(RERO)jurivoc000022419ger</subfield><subfield code="2">jurivoc</subfield></datafield><datafield ind1=" " ind2="7" tag="651"><subfield code="a">Tessin (Suisse)</subfield><subfield code="0">(IDREF)027264424</subfield><subfield code="2">idref</subfield></datafield><datafield ind1=" " ind2="7" tag="651"><subfield code="a">Tessin</subfield><subfield code="0">(DE-588)4078208-6</subfield><subfield code="2">gnd</subfield></datafield><datafield ind1=" " ind2="7" tag="651"><subfield code="a">Schweiz</subfield><subfield code="2">idszbz</subfield></datafield><datafield ind1=" " ind2="7" tag="651"><subfield code="a">Tessin (Kanton)</subfield><subfield code="2">idszbz</subfield></datafield><datafield ind1=" " ind2="7" tag="655"><subfield code="a">Actes de congrès</subfield><subfield code="0">(IDREF)02886431X</subfield><subfield code="2">idref</subfield></datafield><datafield ind1=" " ind2="7" tag="655"><subfield code="a">Aufsatzsammlung</subfield><subfield code="2">gnd-content</subfield></datafield><datafield ind1=" " ind2="7" tag="655"><subfield code="a">Konferenzschrift</subfield><subfield code="z">Lugano</subfield><subfield code="y">2005</subfield><subfield code="2">gnd-content</subfield></datafield><datafield ind1=" " ind2="7" tag="655"><subfield code="a">Aufsatzsammlung</subfield><subfield code="2">idszbz</subfield></datafield><datafield ind1=" " ind2=" " tag="691"><subfield code="e">346.49478045</subfield><subfield code="a">Regolamentazione della pianificazione territoriale e urbana. Ticino</subfield><subfield code="2">usi-TE</subfield></datafield><datafield ind1=" " ind2=" " tag="691"><subfield code="e">PC 47 CH-TI</subfield><subfield code="2">rzs-L1</subfield></datafield><datafield ind1="1" ind2=" " tag="700"><subfield code="a">Cattaneo Beretta, Patrizia</subfield><subfield code="d">1961-</subfield><subfield code="0">(DE-588)1126991317</subfield></datafield><datafield ind1="1" ind2=" " tag="700"><subfield code="a">Celio, Moreno</subfield><subfield code="c">juriste</subfield><subfield code="0">(RERO)A012467834</subfield></datafield><datafield ind1="2" ind2=" " tag="710"><subfield code="a">Commissione ticinese per la formazione permanente dei giuristi</subfield><subfield code="b">Serata di studio</subfield><subfield code="n">6</subfield><subfield code="d">2005</subfield><subfield code="c">Lugano</subfield><subfield code="0">(RERO)A012467835</subfield></datafield><datafield ind1="2" ind2=" " tag="711"><subfield code="a">Commissione ticinese per la formazione permanente dei giuristi</subfield><subfield code="e">Serata di studio</subfield><subfield code="0">(DE-588)1091735875</subfield></datafield><datafield ind1=" " ind2="0" tag="830"><subfield code="a">Atti della serata di studio del ...</subfield><subfield code="v">6</subfield><subfield code="w">(RERO)R003126565-41slsp</subfield></datafield><datafield ind1=" " ind2=" " tag="900"><subfield code="a">IDSE5E34ANH-2006</subfield></datafield><datafield ind1=" " ind2=" " tag="900"><subfield code="a">IDSZ2rwimon200507i</subfield><subfield code="c">IDSZ2buche 050725</subfield><subfield code="d">IDSZ2rwiswk200508b</subfield><subfield code="e">IDSZ2sust</subfield></datafield></record>
</metadata></record>