<record><header><identifier>oai:alma.41SLSP_UGE:991000797679705502</identifier><datestamp>2023-03-04T01:10:53Z</datestamp><setSpec>uge_bcen_RapidILL_BOOK</setSpec><setSpec>uge_aaca_RapidILL_BOOK</setSpec><setSpec>uge_abels_RapidILL_BOOK</setSpec><setSpec>uge_dbu_RapidILL_BOOK</setSpec><setSpec>uge_cmu_RapidILL_BOOK</setSpec><setSpec>uge_mail_RapidILL_BOOK</setSpec><setSpec>uge_abbat_RapidILL_BOOK</setSpec><setSpec>UNIGE_ALL</setSpec><setSpec>uge_aobs_RapidILL_BOOK</setSpec><setSpec>uge_acar_RapidILL_BOOK</setSpec></header><metadata>
<record xmlns="http://www.loc.gov/MARC21/slim" xmlns:xsi="http://www.w3.org/2001/XMLSchema-instance" xsi:schemaLocation="http://www.loc.gov/MARC21/slim http://www.loc.gov/standards/marcxml/schema/MARC21slim.xsd"><leader>02785nam a2200517 c 4500</leader><controlfield tag="001">991000797679705502</controlfield><controlfield tag="005">20230303214244.0</controlfield><controlfield tag="008">201011s1978    xxc||||| |||| 10| ||eng d</controlfield><datafield ind1=" " ind2=" " tag="020"><subfield code="a">0920230032</subfield></datafield><datafield ind1=" " ind2=" " tag="035"><subfield code="a">(swissbib)212763148-41slsp_network</subfield></datafield><datafield ind1=" " ind2=" " tag="035"><subfield code="a">212763148</subfield><subfield code="9">ExL</subfield></datafield><datafield ind1=" " ind2=" " tag="035"><subfield code="a">(RERO)1032256-41slsp</subfield></datafield><datafield ind1=" " ind2=" " tag="035"><subfield code="a">(IDSBB)001218109DSV01</subfield></datafield><datafield ind1=" " ind2=" " tag="035"><subfield code="a">(NEBIS)000192079EBI01</subfield></datafield><datafield ind1=" " ind2=" " tag="035"><subfield code="a">(EXLNZ-41SLSP_NETWORK)991050678469705501</subfield></datafield><datafield ind1=" " ind2=" " tag="040"><subfield code="a">RERO lausst</subfield><subfield code="d">CH-ZuSLS</subfield></datafield><datafield ind1=" " ind2="7" tag="072"><subfield code="a">st</subfield><subfield code="2">rero</subfield></datafield><datafield ind1=" " ind2="7" tag="072"><subfield code="a">ge</subfield><subfield code="2">SzZuIDS BS/BE</subfield></datafield><datafield ind1="0" ind2="0" tag="245"><subfield code="a">Fluvial sedimentology</subfield><subfield code="b">[papers of the First International Symposium on Fluvial Sedimentology held on October 20-22, 1977, at the University of Calgary under the joint sponsorship of the Canadian Society of Petroleum Geologists and the Department of Geography of the university]</subfield><subfield code="c">ed. by Andrew D. Miall</subfield></datafield><datafield ind1=" " ind2="1" tag="264"><subfield code="a">Calgary</subfield><subfield code="b">Canadian Society of Petroleum Geologists</subfield><subfield code="c">1978</subfield></datafield><datafield ind1=" " ind2=" " tag="300"><subfield code="a">XII, 859 p.</subfield><subfield code="b">ill.</subfield><subfield code="c">25 cm</subfield></datafield><datafield ind1=" " ind2=" " tag="336"><subfield code="b">txt</subfield><subfield code="2">rdacontent</subfield></datafield><datafield ind1=" " ind2=" " tag="337"><subfield code="b">n</subfield><subfield code="2">rdamedia</subfield></datafield><datafield ind1=" " ind2=" " tag="338"><subfield code="b">nc</subfield><subfield code="2">rdacarrier</subfield></datafield><datafield ind1="1" ind2=" " tag="490"><subfield code="a">CSPG memoir</subfield><subfield code="v">5</subfield></datafield><datafield ind1="1" ind2=" " tag="490"><subfield code="a">Memoir / Canadian Society of Petroleum Geologists</subfield><subfield code="v">5</subfield></datafield><datafield ind1=" " ind2=" " tag="500"><subfield code="a">Proceedings of the First International Symposium on Fluvial Sedimentology, held on October 20-22, 1977, at The Univ. of Calgary</subfield></datafield><datafield ind1=" " ind2="7" tag="650"><subfield code="a">sédimentation fluviatile</subfield><subfield code="0">(RERO)A010148934</subfield><subfield code="2">rerovoc</subfield></datafield><datafield ind1=" " ind2="7" tag="650"><subfield code="a">Sédimentologie</subfield><subfield code="0">(IDREF)027271137</subfield><subfield code="2">idref</subfield></datafield><datafield ind1=" " ind2="7" tag="650"><subfield code="a">FLUSSSYSTEME + POTAMOLOGIE (HYDROLOGIE)</subfield><subfield code="9">ger</subfield><subfield code="0">(ETHUDK)000020852</subfield><subfield code="2">ethudk</subfield></datafield><datafield ind1=" " ind2="7" tag="650"><subfield code="a">FLUVIATILE UND ALLUVIALE EBENE (ABLAGERUNGSMILIEU)</subfield><subfield code="9">ger</subfield><subfield code="0">(ETHUDK)000045232</subfield><subfield code="2">ethudk</subfield></datafield><datafield ind1=" " ind2="7" tag="650"><subfield code="a">GEOLOGISCHE TÄTIGKEIT FLIESSENDEN WASSERS + FLUSSFACIES + FLUSSSEDIMENTE (ABLAGERUNGSMILIEU)</subfield><subfield code="9">ger</subfield><subfield code="0">(ETHUDK)000020054</subfield><subfield code="2">ethudk</subfield></datafield><datafield ind1=" " ind2="7" tag="650"><subfield code="a">SEDIMENTTRANSPORT/FLUVIATILER SEDIMENTRANSPORT (ABLAGERUNGSMILIEU)</subfield><subfield code="9">ger</subfield><subfield code="0">(ETHUDK)000047072</subfield><subfield code="2">ethudk</subfield></datafield><datafield ind1=" " ind2="7" tag="655"><subfield code="a">Actes de congrès</subfield><subfield code="0">(IDREF)02886431X</subfield><subfield code="2">idref</subfield></datafield><datafield ind1=" " ind2="7" tag="655"><subfield code="a">Konferenzschrift</subfield><subfield code="z">Calgary, Alta.</subfield><subfield code="y">1977</subfield><subfield code="2">gnd-content</subfield></datafield><datafield ind1=" " ind2="7" tag="655"><subfield code="a">Konferenzschrift</subfield><subfield code="z">Calgary (Alta.)</subfield><subfield code="y">1977</subfield><subfield code="2">gnd-content</subfield></datafield><datafield ind1="1" ind2=" " tag="700"><subfield code="a">Miall, Andrew D.</subfield><subfield code="d">1944-</subfield><subfield code="0">(DE-588)120310562</subfield><subfield code="6">880-02</subfield></datafield><datafield ind1="1" ind2=" " tag="880"><subfield code="6">700-02</subfield><subfield code="a">Miall, Andrew Dervent</subfield><subfield code="d">1944-....</subfield><subfield code="0">(IDREF)033606072</subfield></datafield><datafield ind1="2" ind2=" " tag="710"><subfield code="a">University of Calgary</subfield><subfield code="b">Department of geography</subfield><subfield code="0">(IDREF)091627389</subfield></datafield><datafield ind1="2" ind2=" " tag="711"><subfield code="a">International Symposium on Fluvial Sedimentology</subfield><subfield code="0">(DE-588)245291-1</subfield></datafield><datafield ind1="2" ind2=" " tag="711"><subfield code="a">Symposium on Fluvial Sedimentology</subfield><subfield code="d">1977</subfield><subfield code="c">Calgary, Alberta</subfield><subfield code="0">(DE-588)5231362-1</subfield></datafield><datafield ind1="2" ind2=" " tag="711"><subfield code="a">International Symposium on Fluvial Sedimentology</subfield><subfield code="n">1</subfield><subfield code="d">1977</subfield><subfield code="c">Calgary</subfield><subfield code="0">(RERO)A012507100</subfield></datafield><datafield ind1="4" ind2=" " tag="856"><subfield code="3">Inhaltsverzeichnis</subfield><subfield code="u">http://www.ub.unibas.ch/tox/HBZ/HT006270250/PDF</subfield><subfield code="q">pdf</subfield></datafield><datafield ind1=" " ind2=" " tag="830"><subfield code="a">CSPG memoir</subfield><subfield code="v">5</subfield><subfield code="w">(RERO)1032316-41slsp</subfield></datafield><datafield ind1=" " ind2=" " tag="830"><subfield code="a">Memoir</subfield><subfield code="v">5</subfield><subfield code="w">(IDSBB)000375131DSV01</subfield></datafield><datafield ind1=" " ind2=" " tag="900"><subfield code="a">REROnoselfmerge</subfield></datafield><datafield ind1=" " ind2=" " tag="949"><subfield code="a">http://www.ub.unibas.ch/tox/HBZ/HT006270250/PDF</subfield></datafield></record>
</metadata></record>