<record><header><identifier>oai:alma.41SLSP_UGE:991000797579705502</identifier><datestamp>2023-03-01T01:10:03Z</datestamp><setSpec>uge_bcen_RapidILL_BOOK</setSpec><setSpec>uge_aaca_RapidILL_BOOK</setSpec><setSpec>uge_abels_RapidILL_BOOK</setSpec><setSpec>uge_dbu_RapidILL_BOOK</setSpec><setSpec>uge_cmu_RapidILL_BOOK</setSpec><setSpec>uge_mail_RapidILL_BOOK</setSpec><setSpec>UNIGE_ALL</setSpec><setSpec>uge_abbat_RapidILL_BOOK</setSpec><setSpec>uge_aobs_RapidILL_BOOK</setSpec><setSpec>uge_acar_RapidILL_BOOK</setSpec></header><metadata>
<record xmlns="http://www.loc.gov/MARC21/slim" xmlns:xsi="http://www.w3.org/2001/XMLSchema-instance" xsi:schemaLocation="http://www.loc.gov/MARC21/slim http://www.loc.gov/standards/marcxml/schema/MARC21slim.xsd"><leader>01089nam a2200301 c 4500</leader><controlfield tag="001">991000797579705502</controlfield><controlfield tag="005">20201225182514.0</controlfield><controlfield tag="008">850507s1985    sz ||||| m||| 00| ||fre d</controlfield><datafield ind1=" " ind2=" " tag="035"><subfield code="a">(swissbib)080062962-41slsp_network</subfield></datafield><datafield ind1=" " ind2=" " tag="035"><subfield code="a">080062962</subfield><subfield code="9">ExL</subfield></datafield><datafield ind1=" " ind2=" " tag="035"><subfield code="a">(RERO)0610847-41slsp</subfield></datafield><datafield ind1=" " ind2=" " tag="035"><subfield code="a">(EXLNZ-41SLSP_NETWORK)991046906479705501</subfield></datafield><datafield ind1=" " ind2=" " tag="040"><subfield code="a">RERO geucmu</subfield><subfield code="d">CH-ZuSLS</subfield></datafield><datafield ind1=" " ind2=" " tag="044"><subfield code="a">sz</subfield><subfield code="c">ch-ge</subfield></datafield><datafield ind1=" " ind2="7" tag="072"><subfield code="a">me</subfield><subfield code="2">rero</subfield></datafield><datafield ind1="1" ind2=" " tag="100"><subfield code="a">Theintz, Gérald Edouard</subfield><subfield code="0">(RERO)A003894963</subfield><subfield code="4">cre</subfield></datafield><datafield ind1="1" ind2="0" tag="245"><subfield code="a">Intérêt du dosage des stéroides plasmatiques dans le contrôle de l'hyperplasie surrénale congénitale</subfield><subfield code="c">par Gérard Edouard Theintz</subfield></datafield><datafield ind1=" " ind2="1" tag="264"><subfield code="a">[Lieu de publication non identifié]</subfield><subfield code="b">[éditeur non identifié]</subfield><subfield code="c">1985</subfield></datafield><datafield ind1=" " ind2="3" tag="264"><subfield code="a">Genève</subfield><subfield code="b">Atelier d'impression de la Section de physique</subfield></datafield><datafield ind1=" " ind2=" " tag="300"><subfield code="a">33 f.</subfield><subfield code="b">ill.</subfield><subfield code="c">30 cm</subfield></datafield><datafield ind1=" " ind2=" " tag="336"><subfield code="b">txt</subfield><subfield code="2">rdacontent</subfield></datafield><datafield ind1=" " ind2=" " tag="337"><subfield code="b">n</subfield><subfield code="2">rdamedia</subfield></datafield><datafield ind1=" " ind2=" " tag="338"><subfield code="b">nc</subfield><subfield code="2">rdacarrier</subfield></datafield><datafield ind1=" " ind2=" " tag="502"><subfield code="a">Thèse méd. Genève, 1985. Méd. 5095</subfield></datafield><datafield ind1=" " ind2="2" tag="650"><subfield code="a">Steroids</subfield><subfield code="x">blood</subfield></datafield><datafield ind1=" " ind2="2" tag="650"><subfield code="a">Steroids</subfield><subfield code="x">urine</subfield></datafield><datafield ind1=" " ind2="2" tag="650"><subfield code="a">Adrenal Hyperplasia, Congenital</subfield><subfield code="x">diagnosis</subfield></datafield><datafield ind1=" " ind2="2" tag="655"><subfield code="a">Academic Dissertation</subfield></datafield><datafield ind1=" " ind2=" " tag="900"><subfield code="a">REROnoselfmerge</subfield></datafield></record>
</metadata></record>