<record><header><identifier>oai:alma.41SLSP_UGE:991000798129705502</identifier><datestamp>2023-06-20T00:24:41Z</datestamp><setSpec>uge_bcen_RapidILL_BOOK</setSpec><setSpec>uge_aaca_RapidILL_BOOK</setSpec><setSpec>uge_abels_RapidILL_BOOK</setSpec><setSpec>uge_dbu_RapidILL_BOOK</setSpec><setSpec>uge_cmu_RapidILL_BOOK</setSpec><setSpec>uge_mail_RapidILL_BOOK</setSpec><setSpec>uge_abbat_RapidILL_BOOK</setSpec><setSpec>UNIGE_ALL</setSpec><setSpec>uge_acar_RapidILL_BOOK</setSpec><setSpec>uge_aobs_RapidILL_BOOK</setSpec></header><metadata>
<record xmlns="http://www.loc.gov/MARC21/slim" xmlns:xsi="http://www.w3.org/2001/XMLSchema-instance" xsi:schemaLocation="http://www.loc.gov/MARC21/slim http://www.loc.gov/standards/marcxml/schema/MARC21slim.xsd"><leader>02811nam a2200721 c 4500</leader><controlfield tag="001">991000798129705502</controlfield><controlfield tag="005">20230619194841.0</controlfield><controlfield tag="008">201011t19761976xxu||||| |||| 00| ||eng d</controlfield><datafield ind1=" " ind2=" " tag="010"><subfield code="a">75025977</subfield></datafield><datafield ind1=" " ind2=" " tag="020"><subfield code="z">0805861780</subfield></datafield><datafield ind1=" " ind2=" " tag="020"><subfield code="a">0805761780</subfield></datafield><datafield ind1=" " ind2=" " tag="020"><subfield code="a">9780805761788</subfield></datafield><datafield ind1=" " ind2=" " tag="035"><subfield code="a">(swissbib)22262311X-41slsp_network</subfield></datafield><datafield ind1=" " ind2=" " tag="035"><subfield code="a">22262311X</subfield><subfield code="9">ExL</subfield></datafield><datafield ind1=" " ind2=" " tag="035"><subfield code="a">(RERO)R004651102-41slsp</subfield></datafield><datafield ind1=" " ind2=" " tag="035"><subfield code="a">(NEBIS)003111856EBI01</subfield></datafield><datafield ind1=" " ind2=" " tag="035"><subfield code="a">(OCoLC)1584035</subfield></datafield><datafield ind1=" " ind2=" " tag="035"><subfield code="a">(EXLNZ-41SLSP_NETWORK)991100388159705501</subfield></datafield><datafield ind1=" " ind2=" " tag="040"><subfield code="a">RERO geulit</subfield><subfield code="d">CH-ZuSLS</subfield></datafield><datafield ind1=" " ind2=" " tag="050"><subfield code="a">PQ6419.P8</subfield><subfield code="b">G833</subfield></datafield><datafield ind1=" " ind2="7" tag="072"><subfield code="a">es</subfield><subfield code="2">rero</subfield></datafield><datafield ind1="0" ind2="0" tag="082"><subfield code="a">863/.3</subfield></datafield><datafield ind1=" " ind2=" " tag="084"><subfield code="a">IO 1756</subfield><subfield code="2">rvk</subfield></datafield><datafield ind1="1" ind2=" " tag="100"><subfield code="a">Carrasco Urgoiti, María Soledad</subfield><subfield code="d">1922-2007</subfield><subfield code="0">(DE-588)123805147</subfield><subfield code="6">880-01</subfield></datafield><datafield ind1="1" ind2=" " tag="880"><subfield code="6">100-01</subfield><subfield code="a">Carrasco Urgoiti, María Soledad</subfield><subfield code="0">(IDREF)053297628</subfield><subfield code="4">cre</subfield></datafield><datafield ind1="1" ind2="0" tag="245"><subfield code="a">&lt;&lt;The&gt;&gt; moorish novel</subfield><subfield code="b">&quot;El Abencerraje&quot; and Pérez de Hita</subfield><subfield code="c">María Soledad Carrasco-Urgoiti</subfield></datafield><datafield ind1=" " ind2="1" tag="264"><subfield code="a">Boston</subfield><subfield code="b">Twayne</subfield><subfield code="c">1976</subfield></datafield><datafield ind1=" " ind2="4" tag="264"><subfield code="c">©1976</subfield></datafield><datafield ind1=" " ind2=" " tag="300"><subfield code="a">197 p.</subfield></datafield><datafield ind1=" " ind2=" " tag="336"><subfield code="b">txt</subfield><subfield code="2">rdacontent</subfield></datafield><datafield ind1=" " ind2=" " tag="337"><subfield code="b">n</subfield><subfield code="2">rdamedia</subfield></datafield><datafield ind1=" " ind2=" " tag="338"><subfield code="b">nc</subfield><subfield code="2">rdacarrier</subfield></datafield><datafield ind1="1" ind2=" " tag="490"><subfield code="a">Twayne's world authors series</subfield><subfield code="v">375. Spain</subfield></datafield><datafield ind1=" " ind2=" " tag="504"><subfield code="a">Bibliography: p. 177-187</subfield></datafield><datafield ind1="1" ind2="7" tag="600"><subfield code="a">Pérez de Hita, Ginés</subfield><subfield code="d">1544?-1619?</subfield><subfield code="t">Guerras civiles de Granada</subfield><subfield code="0">(IDREF)181861976</subfield><subfield code="2">idref</subfield></datafield><datafield ind1="1" ind2="0" tag="600"><subfield code="a">Pérez de Hita, Ginés</subfield><subfield code="d">1544?-1619?</subfield><subfield code="t">Guerras civiles de Granada</subfield></datafield><datafield ind1="1" ind2="6" tag="600"><subfield code="a">Pérez de Hita, Ginés</subfield><subfield code="d">ca1544-ca 1619</subfield><subfield code="t">Guerras civiles de Granada</subfield></datafield><datafield ind1="1" ind2="7" tag="600"><subfield code="a">Pérez de Hita, Ginés</subfield><subfield code="d">ca. um 1544-nach 1619</subfield><subfield code="t">Historia de los vandos de los Zegríes y Abencerrajes</subfield><subfield code="0">(DE-588)4606602-0</subfield><subfield code="2">gnd</subfield></datafield><datafield ind1="0" ind2="7" tag="630"><subfield code="a">El abencerraje y la hermosa Jarifa</subfield><subfield code="0">(RERO)A013992445</subfield><subfield code="2">rero</subfield></datafield><datafield ind1="0" ind2="0" tag="630"><subfield code="a">El Abencerraje</subfield></datafield><datafield ind1="0" ind2="6" tag="630"><subfield code="a">Abencerraje</subfield></datafield><datafield ind1="0" ind2="0" tag="630"><subfield code="a">Abencerraje</subfield></datafield><datafield ind1=" " ind2="7" tag="648"><subfield code="a">Geschichte 1550-1620</subfield><subfield code="2">gnd</subfield></datafield><datafield ind1=" " ind2="7" tag="650"><subfield code="a">16e siècle</subfield><subfield code="0">(IDREF)027794520</subfield><subfield code="2">idref</subfield></datafield><datafield ind1=" " ind2="7" tag="650"><subfield code="a">Cancioneros</subfield><subfield code="0">(IDREF)050576569</subfield><subfield code="2">idref</subfield></datafield><datafield ind1=" " ind2="7" tag="650"><subfield code="a">15e siècle-16e siècle</subfield><subfield code="2">idref</subfield></datafield><datafield ind1=" " ind2="7" tag="650"><subfield code="a">Maures (peuple d'Afrique)</subfield><subfield code="0">(IDREF)02989266X</subfield><subfield code="2">idref</subfield></datafield><datafield ind1=" " ind2="7" tag="650"><subfield code="a">Morisques</subfield><subfield code="0">(IDREF)027368173</subfield><subfield code="2">idref</subfield></datafield><datafield ind1=" " ind2="0" tag="650"><subfield code="a">Granada (Kingdom) in literature</subfield></datafield><datafield ind1=" " ind2="4" tag="650"><subfield code="a">Granada (Reino) en la literatura</subfield></datafield><datafield ind1=" " ind2="4" tag="650"><subfield code="a">El abencerraje</subfield></datafield><datafield ind1=" " ind2="6" tag="650"><subfield code="a">Grenade (Royaume) dans la littérature</subfield></datafield><datafield ind1=" " ind2="7" tag="650"><subfield code="a">Romans</subfield><subfield code="2">gtt</subfield></datafield><datafield ind1=" " ind2="7" tag="650"><subfield code="a">Moren</subfield><subfield code="2">gtt</subfield></datafield><datafield ind1=" " ind2="7" tag="650"><subfield code="a">Spaans</subfield><subfield code="2">gtt</subfield></datafield><datafield ind1=" " ind2="7" tag="650"><subfield code="a">Roman</subfield><subfield code="0">(DE-588)4050479-7</subfield><subfield code="2">gnd</subfield></datafield><datafield ind1=" " ind2="7" tag="650"><subfield code="a">Morisken</subfield><subfield code="g">Motiv</subfield><subfield code="0">(DE-588)4284805-2</subfield><subfield code="2">gnd</subfield></datafield><datafield ind1=" " ind2="7" tag="650"><subfield code="a">Spanisch</subfield><subfield code="0">(DE-588)4077640-2</subfield><subfield code="2">gnd</subfield></datafield><datafield ind1=" " ind2="7" tag="651"><subfield code="a">Grenade (Espagne)</subfield><subfield code="0">(IDREF)027228460</subfield><subfield code="2">idref</subfield></datafield><datafield ind1=" " ind2="0" tag="651"><subfield code="a">Granada (Spain : Reino)</subfield><subfield code="x">In literature</subfield></datafield><datafield ind1=" " ind2="0" tag="830"><subfield code="a">Twayne's world authors series</subfield><subfield code="v">375</subfield><subfield code="w">(RERO)0637367-41slsp</subfield></datafield><datafield ind1=" " ind2="0" tag="830"><subfield code="a">Twayne's world authors series</subfield><subfield code="v">375</subfield><subfield code="w">(NEBIS)000998377EBI01</subfield></datafield><datafield ind1=" " ind2=" " tag="900"><subfield code="a">IDSZRMedeaZBZ</subfield><subfield code="b">IDSZRSWK</subfield></datafield><datafield ind1=" " ind2=" " tag="911"><subfield code="a">100</subfield><subfield code="a">Carrasco Urgoiti, Ma. Soledad</subfield><subfield code="q">María Soledad</subfield><subfield code="d">1922-</subfield></datafield><datafield ind1=" " ind2=" " tag="993"><subfield code="a">BFLA 203214</subfield><subfield code="x">ge/ules/a/flt 14968</subfield><subfield code="9">LOCAL</subfield></datafield></record>
</metadata></record>