<record><header><identifier>oai:alma.41SLSP_UGE:991000797919705502</identifier><datestamp>2023-04-08T00:24:09Z</datestamp><setSpec>uge_bcen_RapidILL_BOOK</setSpec><setSpec>uge_aaca_RapidILL_BOOK</setSpec><setSpec>uge_abels_RapidILL_BOOK</setSpec><setSpec>uge_dbu_RapidILL_BOOK</setSpec><setSpec>uge_cmu_RapidILL_BOOK</setSpec><setSpec>uge_mail_RapidILL_BOOK</setSpec><setSpec>uge_abbat_RapidILL_BOOK</setSpec><setSpec>UNIGE_ALL</setSpec><setSpec>uge_aobs_RapidILL_BOOK</setSpec><setSpec>uge_acar_RapidILL_BOOK</setSpec></header><metadata>
<record xmlns="http://www.loc.gov/MARC21/slim" xmlns:xsi="http://www.w3.org/2001/XMLSchema-instance" xsi:schemaLocation="http://www.loc.gov/MARC21/slim http://www.loc.gov/standards/marcxml/schema/MARC21slim.xsd"><leader>02789nam a2200721 c 4500</leader><controlfield tag="001">991000797919705502</controlfield><controlfield tag="005">20230407145025.0</controlfield><controlfield tag="008">201011s1988    sp ||||| |||| 00| ||spa d</controlfield><datafield ind1=" " ind2=" " tag="020"><subfield code="a">9788476581094</subfield></datafield><datafield ind1=" " ind2=" " tag="020"><subfield code="a">8476581092</subfield></datafield><datafield ind1=" " ind2=" " tag="035"><subfield code="a">(swissbib)223621226-41slsp_network</subfield></datafield><datafield ind1=" " ind2=" " tag="035"><subfield code="a">223621226</subfield><subfield code="9">ExL</subfield></datafield><datafield ind1=" " ind2=" " tag="035"><subfield code="a">(RERO)1154294-41slsp</subfield></datafield><datafield ind1=" " ind2=" " tag="035"><subfield code="a">(IDSBB)000613926DSV01</subfield></datafield><datafield ind1=" " ind2=" " tag="035"><subfield code="a">(IDSSG)000047834HSB01</subfield></datafield><datafield ind1=" " ind2=" " tag="035"><subfield code="a">(NEBIS)001072689EBI01</subfield></datafield><datafield ind1=" " ind2=" " tag="035"><subfield code="a">(EXLNZ-41SLSP_NETWORK)991002552319705501</subfield></datafield><datafield ind1=" " ind2=" " tag="040"><subfield code="a">RERO geulit</subfield><subfield code="d">CH-ZuSLS</subfield></datafield><datafield ind1=" " ind2="7" tag="072"><subfield code="a">es</subfield><subfield code="2">rero</subfield></datafield><datafield ind1=" " ind2="7" tag="072"><subfield code="a">es</subfield><subfield code="2">SzZuIDS BS/BE</subfield></datafield><datafield ind1="0" ind2="0" tag="082"><subfield code="a">863/.0870903</subfield><subfield code="2">20</subfield></datafield><datafield ind1="0" ind2="4" tag="082"><subfield code="a">863.09</subfield><subfield code="b">G552</subfield><subfield code="2">20 ed</subfield></datafield><datafield ind1="0" ind2="4" tag="082"><subfield code="a">863.309352054</subfield></datafield><datafield ind1="1" ind2="4" tag="082"><subfield code="a">863.309</subfield><subfield code="2">22</subfield></datafield><datafield ind1=" " ind2=" " tag="084"><subfield code="a">IO 2332</subfield><subfield code="2">rvk</subfield></datafield><datafield ind1="1" ind2=" " tag="100"><subfield code="a">Gómez Yebra, Antonio A.</subfield><subfield code="d">1950-</subfield><subfield code="0">(DE-588)1026978475</subfield><subfield code="6">880-01</subfield></datafield><datafield ind1="1" ind2=" " tag="880"><subfield code="6">100-01</subfield><subfield code="a">Gómez Yebra, Antonio A.</subfield><subfield code="d">1950-....</subfield><subfield code="0">(IDREF)026657570</subfield><subfield code="4">cre</subfield></datafield><datafield ind1="1" ind2="0" tag="245"><subfield code="a">&lt;&lt;El&gt;&gt; niño pícaro literario de los siglos de oro</subfield><subfield code="c">Antonio A. Gómez Yebra</subfield></datafield><datafield ind1=" " ind2="1" tag="264"><subfield code="a">Barcelona</subfield><subfield code="b">Anthropos Ed. del Hombre</subfield><subfield code="c">1988</subfield></datafield><datafield ind1=" " ind2=" " tag="300"><subfield code="a">189 S.</subfield><subfield code="b">Ill., Kart., Tab.</subfield></datafield><datafield ind1=" " ind2=" " tag="336"><subfield code="b">txt</subfield><subfield code="2">rdacontent</subfield></datafield><datafield ind1=" " ind2=" " tag="337"><subfield code="b">n</subfield><subfield code="2">rdamedia</subfield></datafield><datafield ind1=" " ind2=" " tag="338"><subfield code="b">nc</subfield><subfield code="2">rdacarrier</subfield></datafield><datafield ind1="1" ind2=" " tag="490"><subfield code="a">Ambitos literarios. Ensayo</subfield><subfield code="v">25</subfield></datafield><datafield ind1=" " ind2="7" tag="648"><subfield code="a">Geschichte</subfield><subfield code="2">idszbz</subfield></datafield><datafield ind1=" " ind2="7" tag="648"><subfield code="a">Geschichte 1500-1700</subfield><subfield code="2">idszbz</subfield></datafield><datafield ind1=" " ind2="7" tag="650"><subfield code="a">Roman picaresque espagnol</subfield><subfield code="0">(IDREF)028563964</subfield><subfield code="2">idref</subfield></datafield><datafield ind1=" " ind2="7" tag="650"><subfield code="a">Enfants</subfield><subfield code="0">(IDREF)027233278</subfield><subfield code="2">idref</subfield></datafield><datafield ind1=" " ind2="7" tag="650"><subfield code="a">Kind</subfield><subfield code="x">Motiv</subfield><subfield code="x">Schelmenroman</subfield><subfield code="z">spanischer</subfield><subfield code="2">idsbb</subfield></datafield><datafield ind1=" " ind2="7" tag="650"><subfield code="a">Schelmenroman</subfield><subfield code="z">spanischer</subfield><subfield code="x">Motiv</subfield><subfield code="x">Kind</subfield><subfield code="2">idsbb</subfield></datafield><datafield ind1=" " ind2="7" tag="650"><subfield code="a">Schelmenroman</subfield><subfield code="z">spanischer</subfield><subfield code="y">Geschichte 16. Jh</subfield><subfield code="2">idsbb</subfield></datafield><datafield ind1=" " ind2="7" tag="650"><subfield code="a">Schelmenroman</subfield><subfield code="z">spanischer</subfield><subfield code="y">Geschichte 17. Jh</subfield><subfield code="2">idsbb</subfield></datafield><datafield ind1=" " ind2="7" tag="650"><subfield code="a">Kind</subfield><subfield code="g">Motiv</subfield><subfield code="0">(DE-588)4114170-2</subfield><subfield code="2">gnd</subfield></datafield><datafield ind1=" " ind2="7" tag="650"><subfield code="a">Spanisch</subfield><subfield code="0">(DE-588)4077640-2</subfield><subfield code="2">gnd</subfield></datafield><datafield ind1=" " ind2="7" tag="650"><subfield code="a">Schelmenroman</subfield><subfield code="0">(DE-588)4052234-9</subfield><subfield code="2">gnd</subfield></datafield><datafield ind1=" " ind2="7" tag="650"><subfield code="a">Siglo de oro</subfield><subfield code="0">(DE-588)4181251-7</subfield><subfield code="2">gnd</subfield></datafield><datafield ind1=" " ind2="7" tag="650"><subfield code="a">Spanisch</subfield><subfield code="2">idszbz</subfield></datafield><datafield ind1=" " ind2="7" tag="650"><subfield code="a">Motiv (Literatur)</subfield><subfield code="2">idszbz</subfield></datafield><datafield ind1=" " ind2="7" tag="650"><subfield code="a">Schelm</subfield><subfield code="2">idszbz</subfield></datafield><datafield ind1=" " ind2="7" tag="650"><subfield code="a">Literatur</subfield><subfield code="2">idszbz</subfield></datafield><datafield ind1=" " ind2="0" tag="650"><subfield code="a">Picaresque literature, Spanish</subfield><subfield code="x">History and criticism</subfield></datafield><datafield ind1=" " ind2="0" tag="650"><subfield code="a">Spanish fiction</subfield><subfield code="y">Classical period, 1500-1700</subfield><subfield code="x">History and criticism</subfield></datafield><datafield ind1=" " ind2="0" tag="650"><subfield code="a">Youth in literature</subfield></datafield><datafield ind1=" " ind2=" " tag="690"><subfield code="a">Spanisch : Roman : Schelmenroman</subfield><subfield code="2">uzb-VH</subfield></datafield><datafield ind1=" " ind2=" " tag="690"><subfield code="a">La vida de Lazarillo de Tormes</subfield><subfield code="2">uzb-VH</subfield></datafield><datafield ind1=" " ind2=" " tag="690"><subfield code="a">Cervantes Saavedra, Miguel de</subfield><subfield code="t">: Rinconete y Cortadillo</subfield><subfield code="2">uzb-VH</subfield></datafield><datafield ind1=" " ind2=" " tag="690"><subfield code="a">Quevedo y Villegas, Francisco G. de : Buscón</subfield><subfield code="2">uzb-VH</subfield></datafield><datafield ind1=" " ind2=" " tag="690"><subfield code="a">Alemán, Mateo</subfield><subfield code="t">: Guzmán de Alfarache</subfield><subfield code="2">uzb-VH</subfield></datafield><datafield ind1=" " ind2=" " tag="690"><subfield code="a">Spanisch : Literatur : Siglo de Oro</subfield><subfield code="2">uzb-VH</subfield></datafield><datafield ind1=" " ind2=" " tag="690"><subfield code="a">Spanisch : Literatur : Einzelne Motive</subfield><subfield code="2">uzb-VH</subfield></datafield><datafield ind1=" " ind2=" " tag="690"><subfield code="a">Kind in der Literatur</subfield><subfield code="2">uzb-VH</subfield></datafield><datafield ind1=" " ind2="0" tag="830"><subfield code="a">Ambitos literarios</subfield><subfield code="p">Ensayo</subfield><subfield code="v">25</subfield><subfield code="w">(IDSSG)000031300HSB01</subfield></datafield><datafield ind1=" " ind2=" " tag="900"><subfield code="a">REROnoselfmerge</subfield></datafield><datafield ind1=" " ind2=" " tag="900"><subfield code="f">IDSU2medea</subfield></datafield><datafield ind1=" " ind2=" " tag="993"><subfield code="a">BFLA 38572</subfield><subfield code="x">ge/ules/a/89/832</subfield><subfield code="9">LOCAL</subfield></datafield></record>
</metadata></record><resumptionToken>1900-01-01@all@UNIGE_ALL@marc21@5986558470005502</resumptionToken></ListRecords></OAI-PMH>